%% This BibTeX bibliography file was created using BibDesk.
%% https://bibdesk.sourceforge.io/

%% Created for Nicola Ferro at 2021-12-21 05:11:31 +0100 


%% Saved with string encoding Unicode (UTF-8) 



@proceedings{zz-SAC2016,
	booktitle = {{Proc. 2016 ACM Symposium on Applied Computing (SAC 2016)}},
	date-added = {2021-12-21 05:01:26 +0100},
	date-modified = {2021-12-21 05:01:26 +0100},
	editor = {Ossowski, S.},
	publisher = {{ACM Press, New York, USA}},
	title = {{Proc. 2016 ACM Symposium on Applied Computing (SAC 2016)}},
	year = {2016}}

@proceedings{zz-ECIR2022,
	booktitle = {{Advances in Information Retrieval. Proc. 44th European Conference on IR Research (ECIR 2022)}},
	date-added = {2021-11-28 21:04:29 +0100},
	date-modified = {2021-11-28 21:06:28 +0100},
	editor = {Balog, K. and N{\o}rv{\aa}g, K. and Verberne, S. and Hagen, M. and Seifert, C. and Macdonald, C. and Hasibi, F. and Eickhoff, C. and Tsikrika, T. and Kruschwitz, U.},
	publisher = {{Lecture Notes in Computer Science (LNCS), Springer, Heidelberg, Germany}},
	title = {{Advances in Information Retrieval. Proc. 44th European Conference on IR Research (ECIR 2022)}},
	year = {2022}}

@proceedings{zz-ACL2020,
	booktitle = {{Proc. of the 58th Annual Meeting of the Association for Computational Linguistics (ACL 2020)}},
	date-added = {2021-11-26 13:50:12 +0100},
	date-modified = {2021-11-26 13:51:18 +0100},
	editor = {Jurafsky, D. and Chai, J. and Schluter, N. and Tetreault, J.},
	publisher = {{Association for Computational Linguistics, USA}},
	title = {{Proc. of the 58th Annual Meeting of the Association for Computational Linguistics (ACL 2020)}},
	year = {2020}}

@proceedings{zz-WSDM2022,
	booktitle = {{Proc. 15th ACM International Conference on Web Searching and Data Mining (WSDM 2022)}},
	date-added = {2021-11-26 08:56:14 +0100},
	date-modified = {2021-11-28 21:09:11 +0100},
	editor = {Candan, K. S. and Liu, H. and Akoglu, L. and Dong, X. L. and Tang, J.},
	publisher = {{ACM Press, New York, USA}},
	title = {{Proc. 15th ACM International Conference on Web Searching and Data Mining (WSDM 2022)}},
	year = {2022}}

@proceedings{zz-CLEF2020Proc,
	booktitle = {{Experimental IR Meets Multilinguality, Multimodality, and Interaction. Proceedings of the Eleventh International Conference of the CLEF Association (CLEF 2020)}},
	date-added = {2021-08-20 12:46:02 +0200},
	date-modified = {2021-08-20 12:46:02 +0200},
	editor = {Arampatzis, A. and Kanoulas, E. and Tsikrika, T. and Vrochidis, S. and Joho, H. and Lioma, C. and Eickhoff, K. and N{\'e}v{\'e}ol, A. and Cappellato, L. and Ferro, N.},
	publisher = {{Lecture Notes in Computer Science (LNCS) 12260, Springer, Heidelberg, Germany}},
	title = {{Experimental IR Meets Multilinguality, Multimodality, and Interaction. Proceedings of the Eleventh International Conference of the CLEF Association (CLEF 2020)}},
	year = {2020}}

@proceedings{zz-CLEF2020WN,
	booktitle = {{CLEF 2020 Working Notes}},
	date-added = {2021-08-20 12:38:19 +0200},
	date-modified = {2021-08-20 12:38:19 +0200},
	editor = {Cappellato, L. and Eickhoff, C. and Ferro, N. and N{\'e}v{\'e}ol, A.},
	publisher = {{CEUR Workshop Proceedings (CEUR-WS.org), ISSN 1613-0073, \url{http://ceur-ws.org/Vol-2696/}}},
	title = {{CLEF 2020 Working Notes}},
	year = {2020}}

@proceedings{zz-IIR2019,
	booktitle = {{Proc. 10th Italian Information Retrieval Workshop (IIR 2019)}},
	date-added = {2021-08-20 12:29:54 +0200},
	date-modified = {2021-08-20 12:30:59 +0200},
	editor = {Agosti, M. and Di Buccio, E. and Melucci, M. and Mizzaro, S. and Pasi, G. and Silvestri, F.},
	publisher = {{CEUR Workshop Proceedings (CEUR-WS.org), ISSN 1613-0073, \url{http://ceur-ws.org/Vol-2441/}}},
	title = {{Proc. 10th Italian Information Retrieval Workshop (IIR 2019)}},
	year = {2019}}

@proceedings{zz-SEBD2020,
	booktitle = {{Proc. 28th Italian Symposium on Advanced Database Systems (SEBD 2020)}},
	date-added = {2021-08-20 12:12:22 +0200},
	date-modified = {2021-08-20 12:12:22 +0200},
	editor = {Agosti, M. and Atzori, M. and Ciaccia, P. and Tanca, L.},
	publisher = {{CEUR Workshop Proceedings (CEUR-WS.org), ISSN 1613-0073, url{http://ceur-ws.org/Vol-2646/}}},
	title = {{Proc. 28th Italian Symposium on Advanced Database Systems (SEBD 2020)}},
	year = {2020}}

@proceedings{zz-SIGIR2020,
	booktitle = {{Proc. 43rd Annual International ACM SIGIR Conference on Research and Development in Information Retrieval (SIGIR 2020)}},
	date-added = {2021-08-20 10:22:10 +0200},
	date-modified = {2021-08-20 10:22:10 +0200},
	editor = {Chang, Y. and Cheng, X. and Huang, J. and Lu, Y. and Kamps, J. and Murdock, V. and Wen, J.-R. and Diriye, A. and Guo, J. and Kurland, O.},
	publisher = {{ACM Press, New York, USA}},
	title = {{Proc. 43rd Annual International ACM SIGIR Conference on Research and Development in Information Retrieval (SIGIR 2020)}},
	year = {2020}}

@proceedings{zz-RIAO1997,
	booktitle = {{Proc. 5th International Conference on Computer-Assisted Information Retrieval (RIAO 1997)}},
	date-added = {2021-04-24 12:14:07 +0200},
	date-modified = {2021-04-24 12:22:18 +0200},
	editor = {Devroye, L. and Chrisment, C.},
	publisher = {{Centre De Hautes Etudes Internationales D'Informatique Documentaire (CID), Paris, France}},
	title = {{Proc. 5th International Conference on Computer-Assisted Information Retrieval (RIAO 1997)}},
	year = {1997}}

@proceedings{zz-Recsys2019,
	booktitle = {{Proc. 13th ACM Conference on Recommender Systems (RecSys 2019)}},
	date-added = {2021-04-08 15:29:53 +0200},
	date-modified = {2021-04-08 15:31:15 +0200},
	editor = {Bogers, T. and Said, A. and Brusilovsky, P. and Tikk, D.},
	publisher = {{ACM Press, New York, USA}},
	title = {{Proc. 13th ACM Conference on Recommender Systems (RecSys 2019)}},
	year = {2019}}

@proceedings{zz-ECIR2021-Part1,
	booktitle = {{Advances in Information Retrieval. Proc. 43rd European Conference on IR Research (ECIR 2021) -- Part I}},
	date-added = {2021-03-24 11:39:40 +0100},
	date-modified = {2021-03-24 11:39:40 +0100},
	editor = {Hiemstra, D. and Moens, M.-F. and Mothe, J. and Perego, R. and Potthast, M. and Sebastiani, F.},
	publisher = {{Lecture Notes in Computer Science (LNCS) 12656, Springer, Heidelberg, Germany}},
	title = {{Advances in Information Retrieval. Proc. 43rd European Conference on IR Research (ECIR 2021) -- Part I}},
	year = {2021}}

@proceedings{zz-ECIR2021-Part2,
	booktitle = {{Advances in Information Retrieval. Proc. 43rd European Conference on IR Research (ECIR 2021) -- Part II}},
	date-added = {2021-03-24 11:38:13 +0100},
	date-modified = {2021-03-24 11:40:29 +0100},
	editor = {Hiemstra, D. and Moens, M.-F. and Mothe, J. and Perego, R. and Potthast, M. and Sebastiani, F.},
	publisher = {{Lecture Notes in Computer Science (LNCS) 12657, Springer, Heidelberg, Germany}},
	title = {{Advances in Information Retrieval. Proc. 43rd European Conference on IR Research (ECIR 2021) -- Part II}},
	year = {2021}}

@proceedings{zz-CIKM2018,
	booktitle = {{Proc. 27th International Conference on Information and Knowledge Management (CIKM 2018)}},
	date-added = {2021-03-15 08:22:36 +0100},
	date-modified = {2021-03-15 08:22:36 +0100},
	editor = {Cuzzocrea, A. and Allan, J. and Paton, N. W. and Srivastava, D. and Agrawal, R. and Broder, A. and Zaki, M. J. and Candan, S. and Labrinidis, A. and Schuster, A. and Wang, H.},
	publisher = {{ACM Press, New York, USA}},
	title = {{Proc. 27th International Conference on Information and Knowledge Management (CIKM 2018)}},
	year = {2018}}

@proceedings{zz-TREC2019,
	booktitle = {{The Twenty-Eighth Text REtrieval Conference Proceedings (TREC 2019)}},
	date-added = {2021-03-14 08:14:31 +0100},
	date-modified = {2021-03-14 08:15:30 +0100},
	editor = {Voorhees, E. M. and Ellis, A.},
	publisher = {{National Institute of Standards and Technology (NIST), Special Publication 1250, Washington, USA}},
	title = {{The Twenty-Eighth Text REtrieval Conference Proceedings (TREC 2019)}},
	year = {2020}}

@proceedings{zz-TREC2018,
	booktitle = {{The Twenty-Seventh Text REtrieval Conference Proceedings (TREC 2018)}},
	date-added = {2021-03-14 08:13:12 +0100},
	date-modified = {2021-03-14 08:13:12 +0100},
	editor = {Voorhees, E. M. and Ellis, A.},
	publisher = {{National Institute of Standards and Technology (NIST), Special Publication 500-331, Washington, USA}},
	title = {{The Twenty-Seventh Text REtrieval Conference Proceedings (TREC 2018)}},
	year = {2019}}

@proceedings{zz-WSDM2018,
	booktitle = {{Proc. 11th ACM International Conference on Web Searching and Data Mining (WSDM 2018)}},
	date-added = {2021-03-14 04:56:18 +0100},
	date-modified = {2021-03-14 04:56:18 +0100},
	editor = {Chang, Y. and Zhai, C. and Liu, Y. and Maarek, Y.},
	publisher = {{ACM Press, New York, USA}},
	title = {{Proc. 11th ACM International Conference on Web Searching and Data Mining (WSDM 2018)}},
	year = {2018}}

@proceedings{zz-IRCDL2021,
	booktitle = {{Proc. 17th Italian Research Conference on Digital Libraries (IRCDL 2021)}},
	date-added = {2021-01-30 19:23:03 +0100},
	date-modified = {2021-03-24 11:10:16 +0100},
	editor = {Dosso, D. and Ferilli, S. and Manghi, P. and Poggi, A. and Serra, G. and Silvello, G.},
	publisher = {{CEUR Workshop Proceedings (CEUR-WS.org), ISSN 1613-0073, \url{http://ceur-ws.org/Vol-2816/}}},
	title = {{Proc. 17th Italian Research Conference on Digital Libraries (IRCDL 2021)}},
	year = {2021}}

@proceedings{zz-ECIR2020-Part2,
	booktitle = {{Advances in Information Retrieval. Proc. 42nd European Conference on IR Research (ECIR 2020) -- Part II}},
	date-added = {2021-01-21 08:52:02 +0100},
	date-modified = {2021-01-21 08:52:02 +0100},
	editor = {Jose, J. M. and Yilmaz, E. and Magalh{\~a}es, J. and Castells, P. and Ferro, N. and Silva, M. J. and Martins, F.},
	publisher = {{Lecture Notes in Computer Science (LNCS) 12036, Springer, Heidelberg, Germany}},
	title = {{Advances in Information Retrieval. Proc. 42nd European Conference on IR Research (ECIR 2020) -- Part II}},
	year = {2020}}

@proceedings{zz-NTCIR15,
	booktitle = {{Proc. 15th NTCIR Conference on Evaluation of Information Access Technologies (NTCIR-15)}},
	date-added = {2020-10-22 10:21:55 +0200},
	date-modified = {2020-12-08 10:07:46 +0100},
	editor = {Kando, N. and Kato, M. P. and Liu, Y.},
	publisher = {{National Institute of Informatics, Tokyo, Japan}},
	title = {{Proc. 15th NTCIR Conference on Evaluation of Information Access Technologies (NTCIR-15)}},
	year = {2020}}

@proceedings{zz-SEBD2021,
	booktitle = {{Proc. 29th Italian Symposium on Advanced Database Systems (SEBD 2021)}},
	date-added = {2020-07-16 08:36:43 +0200},
	date-modified = {2021-11-02 08:55:39 +0100},
	editor = {Greco, S. and Lenzerini, M. and Masciari, E. and Tagarelli, A.},
	publisher = {{CEUR Workshop Proceedings (CEUR-WS.org), ISSN 1613-0073, \url{http://ceur-ws.org/Vol-2994/}}},
	title = {{Proc. 29th Italian Symposium on Advanced Database Systems (SEBD 2021)}},
	year = {2021}}

@proceedings{zz-ICTIR2019,
	booktitle = {{Proc. 5th ACM SIGIR International Conference on the Theory of Information Retrieval (ICTIR 2019)}},
	date-added = {2020-07-16 08:30:14 +0200},
	date-modified = {2020-07-16 08:30:14 +0200},
	editor = {Fang, Y. and Zhang, Y. and Allan, J. and Balog, K. and Carterette, B. A. and Guo, J.},
	publisher = {{ACM Press, New York, USA}},
	title = {{Proc. 5th ACM SIGIR International Conference on the Theory of Information Retrieval (ICTIR 2019)}},
	year = {2019}}

@proceedings{zz-CLEF2019Proc,
	booktitle = {{Experimental IR Meets Multilinguality, Multimodality, and Interaction. Proceedings of the Tenth International Conference of the CLEF Association (CLEF 2019)}},
	date-added = {2020-06-30 09:35:08 +0200},
	date-modified = {2020-06-30 09:35:08 +0200},
	editor = {Crestani, F. and Braschler, M. and Savoy, J. and Rauber, A. and M{\"u}ller, H. and Losada, D. E. and Heinatz B{\"u}rki, G. and Cappellato, L. and Ferro, N.},
	publisher = {{Lecture Notes in Computer Science (LNCS) 11696, Springer, Heidelberg, Germany}},
	title = {{Experimental IR Meets Multilinguality, Multimodality, and Interaction. Proceedings of the Tenth International Conference of the CLEF Association (CLEF 2019)}},
	year = {2019}}

@proceedings{zz-CLEF2019WN,
	booktitle = {{CLEF 2019 Working Notes}},
	date-added = {2020-06-30 09:35:08 +0200},
	date-modified = {2020-06-30 09:35:08 +0200},
	editor = {Cappellato, L. and Ferro, N. and Losada, D. E. and M{\"u}ller, H.},
	publisher = {{CEUR Workshop Proceedings (CEUR-WS.org), ISSN 1613-0073, \url{http://ceur-ws.org/Vol-2380/}}},
	title = {{CLEF 2019 Working Notes}},
	year = {2019}}

@proceedings{zz-SakaiEtAl2020-editor,
	annote = {LabBD},
	booktitle = {{Evaluating Information Retrieval and Access Tasks -- NTCIR's Legacy of Research Impact}},
	date-added = {2020-05-31 13:11:51 +0200},
	date-modified = {2020-08-29 13:21:53 +0200},
	editor = {Sakai, T. and Oard, D. W. and Kando, N.},
	publisher = {{Springer International Publishing, Germany}},
	series = {{The Information Retrieval Series}},
	title = {{Evaluating Information Retrieval and Access Tasks -- NTCIR's Legacy of Research Impact}},
	volume = {43},
	year = {2021}}

@proceedings{zz-SIGIR2019,
	booktitle = {{Proc. 42nd Annual International ACM SIGIR Conference on Research and Development in Information Retrieval (SIGIR 2019)}},
	date-added = {2020-05-23 12:16:44 +0200},
	date-modified = {2020-05-23 12:16:44 +0200},
	editor = {Piwowarski, B. and Chevalier, M. and Gaussier, E. and Maarek, Y. and Nie, J.-Y. and Scholer, F.},
	publisher = {{ACM Press, New York, USA}},
	title = {{Proc. 42nd Annual International ACM SIGIR Conference on Research and Development in Information Retrieval (SIGIR 2019)}},
	year = {2019}}

@proceedings{zz-ECIR2020-Part1,
	booktitle = {{Advances in Information Retrieval. Proc. 42nd European Conference on IR Research (ECIR 2020) -- Part I}},
	date-added = {2020-04-17 12:12:14 +0200},
	date-modified = {2020-04-17 12:12:14 +0200},
	editor = {Jose, J. M. and Yilmaz, E. and Magalh{\~a}es, J. and Castells, P. and Ferro, N. and Silva, M. J. and Martins, F.},
	publisher = {{Lecture Notes in Computer Science (LNCS) 12035, Springer, Heidelberg, Germany}},
	title = {{Advances in Information Retrieval. Proc. 42nd European Conference on IR Research (ECIR 2020) -- Part I}},
	year = {2020}}

@proceedings{zz-IRCDL2018,
	booktitle = {{Proc. 14th Italian Research Conference on Digital Libraries (IRCDL 2018)}},
	date-added = {2020-01-04 10:57:32 +0100},
	date-modified = {2020-01-04 10:57:32 +0100},
	editor = {Serra, G. and Tasso, C.},
	publisher = {{Communications in Computer and Information Science (CCIS) 806, Springer, Heidelberg, Germany}},
	title = {{Proc. 14th Italian Research Conference on Digital Libraries (IRCDL 2018)}},
	year = {2018}}

@proceedings{zz-ADCS2012,
	booktitle = {{Proc. 17th Australasian Document Computing Symposium (ADCS 2012)}},
	date-added = {2019-10-23 14:33:48 +1100},
	date-modified = {2019-10-23 14:34:15 +1100},
	editor = {Culpepper, J. S. and Park, L. and Zuccon, G.},
	publisher = {{ACM Press, New York, USA}},
	title = {{Proc. 17th Australasian Document Computing Symposium (ADCS 2012)}},
	year = {2012}}

@proceedings{zz-IJCAI1995,
	booktitle = {{Proc. 14th International Joint Conference on Artificial Intelligence (IJCAI 1995)}},
	date-added = {2019-10-23 14:20:47 +1100},
	date-modified = {2019-10-23 14:25:29 +1100},
	editor = {Mellish, C. S.},
	publisher = {{Morgan Kaufmann Publisher, Inc., San Francisco, CA, USA}},
	title = {{Proc. 14th International Joint Conference on Artificial Intelligence (IJCAI 1995)}},
	volume = {2},
	year = {2009}}

@proceedings{zz-ICTIR2020,
	booktitle = {{Proc. 6th ACM SIGIR International Conference on the Theory of Information Retrieval (ICTIR 2020)}},
	date-added = {2019-10-10 17:11:43 +0200},
	date-modified = {2020-07-16 08:31:39 +0200},
	editor = {Balog, K. and Setty, V. and Lioma, C. and Liu, Y. and Zhang, M. and Berberich, K.},
	publisher = {{ACM Press, New York, USA}},
	title = {{Proc. 6th ACM SIGIR International Conference on the Theory of Information Retrieval (ICTIR 2020)}},
	year = {2020}}

@proceedings{zz-IIR2018,
	booktitle = {{Proc. 9th Italian Information Retrieval Workshop (IIR 2018)}},
	date-added = {2019-09-03 08:05:08 +0200},
	date-modified = {2019-09-03 08:05:08 +0200},
	editor = {Tonellotto, N. and Becchetti, L. and Tkal{\v c}i{\v c}, M.},
	publisher = {{CEUR Workshop Proceedings (CEUR-WS.org), ISSN 1613-0073, \url{http://ceur-ws.org/Vol-2140/}}},
	title = {{Proc. 9th Italian Information Retrieval Workshop (IIR 2018)}},
	year = {2018}}

@proceedings{zz-SIGIR2018,
	booktitle = {{Proc. 41st Annual International ACM SIGIR Conference on Research and Development in Information Retrieval (SIGIR 2018)}},
	date-added = {2019-08-05 09:45:13 +0200},
	date-modified = {2019-08-05 09:46:42 +0200},
	editor = {Collins-Thompson, K. and Mei, Q. and Davison, B. and Liu, Y. and Yilmaz, E.},
	publisher = {{ACM Press, New York, USA}},
	title = {{Proc. 41st Annual International ACM SIGIR Conference on Research and Development in Information Retrieval (SIGIR 2018)}},
	year = {2018}}

@proceedings{zz-OSIRRC2019,
	booktitle = {{Proc. of the Open-Source IR Replicability Challenge (OSIRRC 2019)}},
	date-added = {2019-07-19 11:14:33 +0200},
	date-modified = {2019-07-19 11:16:18 +0200},
	editor = {Clancy, R. and Ferro, N. and Hauff, C. and Sakai, T. and Wu, Z. Z.},
	publisher = {{CEUR Workshop Proceedings (CEUR-WS.org), ISSN 1613-0073, \url{http://ceur-ws.org/Vol-2409/}}},
	title = {{Proc. of the Open-Source IR Replicability Challenge (OSIRRC 2019)}},
	year = {2019}}

@proceedings{zz-NTCIR13,
	booktitle = {{Proc. 13th NTCIR Conference on Evaluation of Information Access Technologies}},
	date-added = {2019-06-25 17:34:09 +0200},
	date-modified = {2019-06-25 17:34:09 +0200},
	editor = {Kando, N. and Fujita, S. and Kato, M. P. and Manabe, T.},
	publisher = {{National Institute of Informatics, Tokyo, Japan}},
	title = {{Proc. 13th NTCIR Conference on Evaluation of Information Access Technologies}},
	year = {2017}}

@proceedings{zz-EVIA2019,
	booktitle = {{Proc. 9th International Workshop on Evaluating Information Access (EVIA 2019)}},
	date-added = {2019-06-07 10:16:21 +0200},
	date-modified = {2019-06-07 10:17:31 +0200},
	editor = {Ferro, N. and Ishita, E. and Kando, N. and Kato, M. P. and Soboroff, I. and Zhang, M.},
	publisher = {{National Institute of Informatics, Tokyo, Japan}},
	title = {{Proc. 9th International Workshop on Evaluating Information Access (EVIA 2019)}},
	year = {2019}}

@proceedings{zz-CLEF2021WN,
	booktitle = {{CLEF 2021 Working Notes}},
	date-added = {2019-06-04 09:53:21 +0200},
	date-modified = {2021-08-20 12:39:10 +0200},
	editor = {Faggioli, G. and Ferro, N. and Joly, A. and Maistro, M. and Piroi, F.},
	publisher = {{CEUR Workshop Proceedings (CEUR-WS.org), ISSN 1613-0073, \url{http://ceur-ws.org/Vol-2936/}}},
	title = {{CLEF 2021 Working Notes}},
	year = {2021}}

@proceedings{zz-CLEF2021Proc,
	booktitle = {{Experimental IR Meets Multilinguality, Multimodality, and Interaction. Proceedings of the Twelfth International Conference of the CLEF Association (CLEF 2021)}},
	date-added = {2019-05-27 19:59:56 +0200},
	date-modified = {2021-08-20 12:48:45 +0200},
	editor = {Candan, K. S. and Ionescu, B. and Goeuriot, L. and Larsen, B. and M\"{u}ller, H. and Joly, A. and Maistro, M. and Piroi, F. and Faggioli, G. and Ferro, N.},
	publisher = {{Lecture Notes in Computer Science (LNCS) 12880, Springer, Heidelberg, Germany}},
	title = {{Experimental IR Meets Multilinguality, Multimodality, and Interaction. Proceedings of the Twelfth International Conference of the CLEF Association (CLEF 2021)}},
	year = {2021}}

@proceedings{zz-IIiX2012,
	booktitle = {{Proc. 4th Symposium on Information Interaction in Context (IIiX 2012)}},
	date-added = {2019-05-12 11:46:44 +0200},
	date-modified = {2019-05-12 11:46:44 +0200},
	editor = {Kamps, J. and Kraaij, W. and Fuhr, N.},
	publisher = {{ACM Press, New York, USA}},
	title = {{Proc. 4th Symposium on Information Interaction in Context (IIiX 2012)}},
	year = {2012}}

@proceedings{zz-SEBD2019,
	booktitle = {{Proc. 27th Italian Symposium on Advanced Database Systems (SEBD 2019)}},
	date-added = {2019-05-02 19:40:57 +0200},
	date-modified = {2019-07-10 10:24:12 +0200},
	editor = {Mecella, M. and Amato, G. and Gennaro, C.},
	publisher = {{CEUR Workshop Proceedings (CEUR-WS.org), ISSN 1613-0073, url{http://ceur-ws.org/Vol-2400/}}},
	title = {{Proc. 27th Italian Symposium on Advanced Database Systems (SEBD 2019)}},
	year = {2019}}

@proceedings{zz-ECIR2019-Part1,
	booktitle = {{Advances in Information Retrieval. Proc. 41st European Conference on IR Research (ECIR 2019) -- Part I}},
	date-added = {2019-04-11 17:41:22 +0200},
	date-modified = {2019-04-11 17:42:59 +0200},
	editor = {Azzopardi, L. and Stein, B. and Fuhr, N. and Mayr, P. and Hauff, C. and Hiemstra, D.},
	publisher = {{Lecture Notes in Computer Science (LNCS) 11437, Springer, Heidelberg, Germany}},
	title = {{Advances in Information Retrieval. Proc. 41st European Conference on IR Research (ECIR 2019) -- Part I}},
	year = {2019}}

@proceedings{zz-FerroPeters2019-editor,
	annote = {LabBD},
	booktitle = {{Information Retrieval Evaluation in a Changing World -- Lessons Learned from 20 Years of CLEF}},
	date-added = {2019-04-07 18:36:36 +0200},
	date-modified = {2019-05-15 16:53:33 +0200},
	editor = {Ferro, N. and Peters, C.},
	publisher = {{Springer International Publishing, Germany}},
	series = {{The Information Retrieval Series}},
	title = {{Information Retrieval Evaluation in a Changing World -- Lessons Learned from 20 Years of CLEF}},
	volume = {41},
	year = {2019}}

@proceedings{zz-ICML2017,
	booktitle = {{Proc. 34th Annual International Conference on Machine Learning (ICML 2017)}},
	date-added = {2019-03-02 09:58:22 +0100},
	date-modified = {2019-03-02 09:59:28 +0100},
	editor = {Precup, D. and Whye Teh, Y.},
	publisher = {{ACM Press, New York, USA}},
	title = {{Proc. 34th Annual International Conference on Machine Learning (ICML 2017)}},
	year = {2017}}

@proceedings{zz-NIPS2006,
	booktitle = {{Proc. 19th International Conference on Neural Information Processing Systems (NIPS 2006)}},
	date-added = {2019-03-02 09:29:47 +0100},
	date-modified = {2019-03-02 09:29:47 +0100},
	editor = {Sch{\"o}lkopf, B. and Platt, J. C. and Hoffman, T.},
	publisher = {{MIT Press, Cambridge (MA), USA}},
	title = {{Proc. 19th International Conference on Neural Information Processing Systems (NIPS 2006)}},
	year = {2006}}

@proceedings{zz-WWW2009,
	booktitle = {{Proc. 18th International Conference on World Wide Web (WWW 2009)}},
	date-added = {2019-03-02 09:22:34 +0100},
	date-modified = {2019-03-02 09:23:40 +0100},
	editor = {Quemada, J. and Le{\'o}n, G. and Maarek, Y. and Nejdl, W.},
	publisher = {{ACM Press, New York, USA}},
	title = {{Proc. 18th International Conference on World Wide Web (WWW 2009)}},
	year = {2009}}

@proceedings{zz-KDD2002,
	booktitle = {{Proc. 8th ACM SIGKDD International Conference on Knowledge Discovery and Data Mining (KDD 2002)}},
	date-added = {2019-03-02 08:37:46 +0100},
	date-modified = {2019-03-02 08:38:59 +0100},
	editor = {Za{\"\i}ane, O. and Goebel, R. and Hand, D. and Keim, D. and Ng, R.},
	publisher = {{ACM Press, New York, USA}},
	title = {{Proc. 8th ACM SIGKDD International Conference on Knowledge Discovery and Data Mining (KDD 2002)}},
	year = {2002}}

@proceedings{zz-WSDM2008,
	booktitle = {{Proc. 1st ACM International Conference on Web Searching and Data Mining (WSDM 2008)}},
	date-added = {2019-02-20 13:48:53 +0100},
	date-modified = {2019-02-20 13:50:05 +0100},
	editor = {Najork, M. and Broder, A. and Chakrabarti, S.},
	publisher = {{ACM Press, New York, USA}},
	title = {{Proc. 1st ACM International Conference on Web Searching and Data Mining (WSDM 2008)}},
	year = {2008}}

@proceedings{zz-NIPS2007,
	booktitle = {{Proc. 20th International Conference on Neural Information Processing Systems (NIPS 2007)}},
	date-added = {2019-02-20 13:26:49 +0100},
	date-modified = {2019-03-02 09:30:51 +0100},
	editor = {Platt, J. C. and Koller, D. and Singer, Y. and Roweis, S. T.},
	publisher = {{MIT Press, Cambridge (MA), USA}},
	title = {{Proc. 20th International Conference on Neural Information Processing Systems (NIPS 2007)}},
	year = {2007}}

@proceedings{zz-ICML2005,
	booktitle = {{Proc. 22nd Annual International Conference on Machine Learning (ICML 2005)}},
	date-added = {2019-02-19 14:25:39 +0100},
	date-modified = {2019-02-19 14:26:36 +0100},
	editor = {Dzeroski, S. and De Raedt, L. and Wrobel, S.},
	publisher = {{ACM Press, New York, USA}},
	title = {{Proc. 22nd Annual International Conference on Machine Learning (ICML 2005)}},
	year = {2005}}

@proceedings{zz-WSDM2021,
	booktitle = {{Proc. 14th ACM International Conference on Web Searching and Data Mining (WSDM 2021)}},
	date-added = {2019-02-19 12:28:15 +0100},
	date-modified = {2021-03-14 04:57:43 +0100},
	editor = {Lewin-Eytan, L. and Carmel, D. and Yom-Tov, E. and Agichtein, E. and Gabrilovich, E.},
	publisher = {{ACM Press, New York, USA}},
	title = {{Proc. 14th ACM International Conference on Web Searching and Data Mining (WSDM 2021)}},
	year = {2021}}

@proceedings{zz-NIPS2014,
	booktitle = {{Proc. 27th International Conference on Neural Information Processing Systems (NIPS 2014) -- Volume 2}},
	date-added = {2019-02-19 12:20:43 +0100},
	date-modified = {2019-02-19 12:22:37 +0100},
	editor = {Ghahramani, Z. and Welling, M. and Cortes, C. and Lawrence, N. D. and Weinberger, K. Q.},
	publisher = {{MIT Press, Cambridge (MA), USA}},
	title = {{Proc. 27th International Conference on Neural Information Processing Systems (NIPS 2014) -- Volume 2}},
	year = {2014}}

@proceedings{zz-ICML2006,
	booktitle = {{Proc. 23rd Annual International Conference on Machine Learning (ICML 2006)}},
	date-added = {2019-02-19 12:15:01 +0100},
	date-modified = {2019-02-19 12:16:11 +0100},
	editor = {Cohen, W. and Moore, A.},
	publisher = {{ACM Press, New York, USA}},
	title = {{Proc. 23rd Annual International Conference on Machine Learning (ICML 2006)}},
	year = {2006}}

@proceedings{zz-ICML2009,
	booktitle = {{Proc. 26th Annual International Conference on Machine Learning (ICML 2009)}},
	date-added = {2019-02-19 11:06:58 +0100},
	date-modified = {2019-02-19 11:09:29 +0100},
	editor = {Danyluk, A. and Bottou, L. and Littman, M. L.},
	publisher = {{ACM Press, New York, USA}},
	title = {{Proc. 26th Annual International Conference on Machine Learning (ICML 2009)}},
	year = {2009}}

@proceedings{zz-NTCIR14Proc,
	booktitle = {{Proc. 14th NTCIR Conference on Evaluation of Information Access Technologies}},
	date-added = {2019-02-08 16:56:19 +0100},
	date-modified = {2019-02-08 16:59:19 +0100},
	publisher = {{Lecture Notes in Computer Science (LNCS), Springer, Heidelberg, Germany}},
	title = {{Proc. 14th NTCIR Conference on Evaluation of Information Access Technologies}},
	year = {2019}}

@proceedings{zz-ECIR2018,
	booktitle = {{Advances in Information Retrieval. Proc. 40th European Conference on IR Research (ECIR 2018)}},
	date-added = {2019-01-07 08:47:43 +0100},
	date-modified = {2019-01-07 08:47:43 +0100},
	editor = {Pasi, G. and Piwowarski, B. and Azzopardi, L. and Hanbury, A.},
	publisher = {{Lecture Notes in Computer Science (LNCS) 10772, Springer, Heidelberg, Germany}},
	title = {{Advances in Information Retrieval. Proc. 40th European Conference on IR Research (ECIR 2018)}},
	year = {2018}}

@proceedings{zz-TREC2017,
	booktitle = {{The Twenty-Sixth Text REtrieval Conference Proceedings (TREC 2017)}},
	date-added = {2018-11-08 18:57:44 +0100},
	date-modified = {2018-11-08 18:57:44 +0100},
	editor = {Voorhees, E. M. and Ellis, A.},
	publisher = {{National Institute of Standards and Technology (NIST), Special Publication 500-324, Washington, USA}},
	title = {{The Twenty-Sixth Text REtrieval Conference Proceedings (TREC 2017)}},
	year = {2018}}

@proceedings{zz-SAC2008,
	booktitle = {{Proc. 2008 ACM Symposium on Applied Computing (SAC 2008)}},
	date-added = {2018-11-07 11:34:19 +0100},
	date-modified = {2018-11-07 11:34:19 +0100},
	editor = {Wainwright, R. L. and Haddad, H. M.},
	publisher = {{ACM Press, New York, USA}},
	title = {{Proc. 2008 ACM Symposium on Applied Computing (SAC 2008)}},
	year = {2008}}

@proceedings{zz-ICTIR2018,
	booktitle = {{Proc. 4th ACM SIGIR International Conference on the Theory of Information Retrieval (ICTIR 2018)}},
	date-added = {2018-10-04 11:21:57 +0200},
	date-modified = {2018-10-04 11:23:50 +0200},
	editor = {Song, D. and Liu, T.-Y. and Sun, L. and Bruza, P. and Melucci, M. and Sebastiani, F. and Hui Yang, G.},
	publisher = {{ACM Press, New York, USA}},
	title = {{Proc. 4th ACM SIGIR International Conference on the Theory of Information Retrieval (ICTIR 2018)}},
	year = {2018}}

@proceedings{zz-CIKM2016,
	booktitle = {{Proc. 25th International Conference on Information and Knowledge Management (CIKM 2016)}},
	date-added = {2018-08-31 12:36:32 +0200},
	date-modified = {2018-08-31 12:36:32 +0200},
	editor = {Zhai, C. and Mukhopadhyay, S. and Bertino, E. and Crestani, F. and Mostafa, J. and Tsinghua, J. T. and Si, L. and Zhou, X.},
	publisher = {{ACM Press, New York, USA}},
	title = {{Proc. 25th International Conference on Information and Knowledge Management (CIKM 2016)}},
	year = {2016}}

@proceedings{zz-SIGIR2017,
	booktitle = {{Proc. 40th Annual International ACM SIGIR Conference on Research and Development in Information Retrieval (SIGIR 2017)}},
	date-added = {2018-07-30 05:13:10 +0000},
	date-modified = {2018-07-30 05:13:10 +0000},
	editor = {Kando, N. and Sakai, T. and Joho, H. and Li, H. and de Vries, A. P. and White, R. W.},
	publisher = {{ACM Press, New York, USA}},
	title = {{Proc. 40th Annual International ACM SIGIR Conference on Research and Development in Information Retrieval (SIGIR 2017)}},
	year = {2017}}

@inproceedings{zz-FerroEtAl2018-Editor,
	annote = {LabBD},
	booktitle = {{Special Issue on Reproducibility in Information Retrieval}},
	date-added = {2018-07-15 16:12:28 +0000},
	date-modified = {2018-07-15 16:21:08 +0000},
	editor = {Ferro, N. and Fuhr, N. and Rauber, A.},
	series = {{ACM Journal of Data and Information Quality (JDIQ), Volume 10, Numbers 3 and 4}},
	year = {2018}}

@proceedings{zz-IIR2021,
	booktitle = {{Proc. 11th Italian Information Retrieval Workshop (IIR 2021)}},
	date-added = {2018-07-07 15:19:26 +0000},
	date-modified = {2021-11-28 20:23:41 +0100},
	editor = {Anelli, V. W. and Di Noia, T. and Ferro, N. and Narducci, F.},
	publisher = {{CEUR Workshop Proceedings (CEUR-WS.org), ISSN 1613-0073, \url{http://ceur-ws.org/Vol-2947/}}},
	title = {{Proc. 11th Italian Information Retrieval Workshop (IIR 2021)}},
	year = {2021}}

@proceedings{zz-SEBD2018,
	booktitle = {{Proc. 26th Italian Symposium on Advanced Database Systems (SEBD 2018)}},
	date-added = {2018-07-07 15:17:59 +0000},
	date-modified = {2018-08-31 12:25:53 +0200},
	editor = {Bergamaschi, S. and Di Noia, T. and Maurino, A.},
	publisher = {{CEUR Workshop Proceedings (CEUR-WS.org), ISSN 1613-0073, url{http://ceur-ws.org/Vol-2161/}}},
	title = {{Proc. 26th Italian Symposium on Advanced Database Systems (SEBD 2018)}},
	year = {2018}}

@proceedings{zz-NTCIR14,
	booktitle = {{Proc. 14th NTCIR Conference on Evaluation of Information Access Technologies}},
	date-added = {2018-06-09 15:52:36 +0000},
	date-modified = {2019-06-25 17:35:12 +0200},
	editor = {Ishita, E. and Kando, N. and Kato, M. P. and Liu, Y.},
	publisher = {{National Institute of Informatics, Tokyo, Japan}},
	title = {{Proc. 14th NTCIR Conference on Evaluation of Information Access Technologies}},
	year = {2019}}

@proceedings{zz-CLEF2018Proc,
	booktitle = {{Experimental IR Meets Multilinguality, Multimodality, and Interaction. Proceedings of the Nineth International Conference of the CLEF Association (CLEF 2018)}},
	date-added = {2018-06-09 14:41:54 +0000},
	date-modified = {2018-07-07 14:02:52 +0000},
	editor = {Bellot, P. and Trabelsi, C. and Mothe, J. and Murtagh, F. and Nie, J.-Y. and Soulier, L. and SanJuan, E. and Cappellato, L. and Ferro, N.},
	publisher = {{Lecture Notes in Computer Science (LNCS) 11018, Springer, Heidelberg, Germany}},
	title = {{Experimental IR Meets Multilinguality, Multimodality, and Interaction. Proceedings of the Ninth International Conference of the CLEF Association (CLEF 2018)}},
	year = {2018}}

@proceedings{zz-CLEF2018WN,
	booktitle = {{CLEF 2018 Working Notes}},
	date-added = {2018-06-09 14:41:54 +0000},
	date-modified = {2018-06-28 13:39:26 +0000},
	editor = {Cappellato, L. and Ferro, N. and Nie, J.-Y. and Soulier, L.},
	publisher = {{CEUR Workshop Proceedings (CEUR-WS.org), ISSN 1613-0073, \url{http://ceur-ws.org/Vol-2125/}}},
	title = {{CLEF 2018 Working Notes}},
	year = {2018}}

@proceedings{zz-JCDL2018,
	booktitle = {{Proc. 18th ACM/IEEE-CS Joint Conference on Digital Libraries (JCDL 2018)}},
	date-added = {2018-03-20 15:57:59 +0000},
	date-modified = {2018-03-20 15:59:46 +0000},
	editor = {Chen, J. and Gon{\c c}alves, M. A. and Allen, J. M. and Fox, E. A. and Kan, M.-Y. and Petras, V.},
	publisher = {{ACM Press, New York, USA}},
	title = {{Proc. 18th ACM/IEEE-CS Joint Conference on Digital Libraries (JCDL 2018)}},
	year = {2018}}

@proceedings{zz-IRCDL2020,
	booktitle = {{Proc. 16th Italian Research Conference on Digital Libraries (IRCDL 2020)}},
	date-added = {2018-01-08 17:22:36 +0000},
	date-modified = {2020-01-04 10:58:02 +0100},
	editor = {Ceci, M. and Ferilli, S. and Poggi, A.},
	publisher = {{Communications in Computer and Information Science (CCIS) 1177, Springer, Heidelberg, Germany}},
	title = {{Proc. 16th Italian Research Conference on Digital Libraries (IRCDL 2020)}},
	year = {2020}}

@proceedings{zz-EVIA2017,
	booktitle = {{Proc. 8th International Workshop on Evaluating Information Access (EVIA 2017)}},
	date-added = {2017-12-30 12:06:09 +0000},
	date-modified = {2017-12-30 12:07:01 +0000},
	editor = {Ferro, N. and Soboroff, I.},
	publisher = {{CEUR Workshop Proceedings (CEUR-WS.org), ISSN 1613-0073, \url{http://ceur-ws.org/Vol-2008/}}},
	title = {{Proc. 8th International Workshop on Evaluating Information Access (EVIA 2017)}},
	year = {2017}}

@proceedings{zz-ECIR2019-Part2,
	booktitle = {{Advances in Information Retrieval. Proc. 41st European Conference on IR Research (ECIR 2019) -- Part II}},
	date-added = {2017-12-26 10:23:56 +0000},
	date-modified = {2019-04-11 17:43:34 +0200},
	editor = {Azzopardi, L. and Stein, B. and Fuhr, N. and Mayr, P. and Hauff, C. and Hiemstra, D.},
	publisher = {{Lecture Notes in Computer Science (LNCS) 11438, Springer, Heidelberg, Germany}},
	title = {{Advances in Information Retrieval. Proc. 41st European Conference on IR Research (ECIR 2019) -- Part II}},
	year = {2019}}

@proceedings{zz-DagstuhlPerspectivesWorkshop17442,
	booktitle = {{Report from Dagstuhl Perspectives Workshop 17442 -- Towards Performance Modeling and Performance Prediction across IR/RecSys/NLP}},
	date-added = {2017-12-16 11:44:00 +0000},
	date-modified = {2017-12-16 11:45:44 +0000},
	editor = {Ferro, N. and Fuhr, N. and Grefenstette, G. and Konstan, J. A.},
	publisher = {{Schloss Dagstuhl--Leibniz-Zentrum f\"{u}r Informatik, Germany}},
	series = {{Dagstuhl Reports, Volume 7, Number 1}},
	title = {{Report from Dagstuhl Perspectives Workshop 17442 -- Towards Performance Modeling and Performance Prediction across IR/RecSys/NLP}},
	year = {2018}}

@proceedings{zz-TREC2020,
	booktitle = {{The Twenty-Ninth Text REtrieval Conference Proceedings (TREC 2020)}},
	date-added = {2017-11-17 16:51:59 +0000},
	date-modified = {2021-03-14 08:15:16 +0100},
	editor = {Voorhees, E. M. and Ellis, A.},
	publisher = {{National Institute of Standards and Technology (NIST), Special Publication 1266, Washington, USA}},
	title = {{The Twenty-Ninth Text REtrieval Conference Proceedings (TREC 2020)}},
	year = {2021}}

@proceedings{zz-TREC2016,
	booktitle = {{The Twenty-Fifth Text REtrieval Conference Proceedings (TREC 2016)}},
	date-added = {2017-11-17 16:50:59 +0000},
	date-modified = {2017-11-17 16:51:52 +0000},
	editor = {Voorhees, E. M. and Ellis, A.},
	publisher = {{National Institute of Standards and Technology (NIST), Special Publication 500-321, Washington, USA}},
	title = {{The Twenty-Fifth Text REtrieval Conference Proceedings (TREC 2016)}},
	year = {2017}}

@proceedings{zz-LEARNER2017,
	booktitle = {{Proc. 1st International Workshop on LEARning Next gEneration Rankers (LEARNER 2017)}},
	date-added = {2017-10-31 16:31:01 +0000},
	date-modified = {2018-01-08 15:53:11 +0000},
	editor = {Ferro, N. and Lucchese, C. and Maistro, M. and Perego, R.},
	publisher = {{CEUR Workshop Proceedings (CEUR-WS.org), ISSN 1613-0073, \url{http://ceur-ws.org/Vol-2007/}}},
	title = {{Proc. 1st International Workshop on LEARning Next gEneration Rankers (LEARNER 2017)}},
	year = {2017}}

@proceedings{zz-ADCS2014,
	booktitle = {{Proc. 19th Australasian Document Computing Symposium (ADCS 2014)}},
	date-added = {2017-10-15 16:22:11 +0000},
	date-modified = {2017-10-15 16:22:11 +0000},
	editor = {Culpepper, J. S. and Park, L. and Zuccon, G.},
	publisher = {{ACM Press, New York, USA}},
	title = {{Proc. 19th Australasian Document Computing Symposium (ADCS 2014)}},
	year = {2014}}

@proceedings{zz-CLEF2017Proc,
	booktitle = {{Experimental IR Meets Multilinguality, Multimodality, and Interaction. Proceedings of the Eighth International Conference of the CLEF Association (CLEF 2017)}},
	date-added = {2017-06-27 08:23:48 +0000},
	date-modified = {2017-06-27 08:27:16 +0000},
	editor = {Jones, G. J. F. and Lawless, S. and Gonzalo, J. and Kelly, L. and Goeuriot, L. and Mandl, T. and Cappellato, L. and Ferro, N.},
	publisher = {{Lecture Notes in Computer Science (LNCS) 10456, Springer, Heidelberg, Germany}},
	title = {{Experimental IR Meets Multilinguality, Multimodality, and Interaction. Proceedings of the Eighth International Conference of the CLEF Association (CLEF 2017)}},
	year = {2017}}

@proceedings{zz-CLEF2017WN,
	booktitle = {{CLEF 2017 Working Notes}},
	date-added = {2017-06-27 08:23:48 +0000},
	date-modified = {2017-06-27 08:30:40 +0000},
	editor = {Cappellato, L. and Ferro, N. and Goeuriot, L. and Mandl, T.},
	publisher = {{CEUR Workshop Proceedings (CEUR-WS.org), ISSN 1613-0073, \url{http://ceur-ws.org/Vol-1866/}}},
	title = {{CLEF 2017 Working Notes}},
	year = {2017}}

@proceedings{zz-IIR2017,
	booktitle = {{Proc. 8th Italian Information Retrieval Workshop (IIR 2017)}},
	date-added = {2017-06-09 14:26:24 +0000},
	date-modified = {2017-12-30 12:07:05 +0000},
	editor = {Crestani, F. and Di Noia, T. and Perego, R.},
	publisher = {{CEUR Workshop Proceedings (CEUR-WS.org), ISSN 1613-0073, \url{http://ceur-ws.org/Vol-1911/}}},
	title = {{Proc. 8th Italian Information Retrieval Workshop (IIR 2017)}},
	year = {2017}}

@proceedings{zz-ICTIR2017,
	booktitle = {{Proc. 3rd ACM SIGIR International Conference on the Theory of Information Retrieval (ICTIR 2017)}},
	date-added = {2017-06-09 13:17:14 +0000},
	date-modified = {2017-09-28 09:12:27 +0000},
	editor = {Kamps, J. and Kanoulas, E. and de Rijke, M. and Fang, H. and Yilmaz, E.},
	publisher = {{ACM Press, New York, USA}},
	title = {{Proc. 3rd ACM SIGIR International Conference on the Theory of Information Retrieval (ICTIR 2017)}},
	year = {2017}}

@proceedings{zz-SEBD2017,
	booktitle = {{Proc. 25th Italian Symposium on Advanced Database Systems (SEBD 2017)}},
	date-added = {2017-05-15 15:07:44 +0000},
	date-modified = {2018-07-07 15:18:33 +0000},
	editor = {Flesca, S. and Greco, S. and Masciari, E. and Sacc{\`a}, D.},
	publisher = {{CEUR Workshop Proceedings (CEUR-WS.org), ISSN 1613-0073, \url{http://ceur-ws.org/Vol-2037/}}},
	title = {{Proc. 25th Italian Symposium on Advanced Database Systems (SEBD 2017)}},
	year = {2018}}

@proceedings{zz-SIGIR2016,
	booktitle = {{Proc. 39th Annual International ACM SIGIR Conference on Research and Development in Information Retrieval (SIGIR 2016)}},
	date-added = {2017-04-12 11:29:07 +0000},
	date-modified = {2017-04-12 11:29:07 +0000},
	editor = {Perego, R. and Sebastiani, F. and Aslam, J. and Ruthven, I. and Zobel, J.},
	publisher = {{ACM Press, New York, USA}},
	title = {{Proc. 39th Annual International ACM SIGIR Conference on Research and Development in Information Retrieval (SIGIR 2016)}},
	year = {2016}}

@proceedings{zz-IRCDL2016,
	booktitle = {{Digital Libraries and Multimedia Archives -- Proc. 12th Italian Research Conference on Digital Libraries (IRCDL 2016)}},
	date-added = {2017-03-18 11:02:06 +0000},
	date-modified = {2017-04-12 11:16:43 +0000},
	editor = {Agosti, M. and Bertini, M. and Ferilli, S. and Marinai, S. and Orio, N.},
	publisher = {{Communications in Computer and Information Science (CCIS) 701, Springer, Heidelberg, Germany}},
	title = {{Digital Libraries and Multimedia Archives -- Proc. 12th Italian Research Conference on Digital Libraries (IRCDL 2016)}},
	year = {2016}}

@proceedings{zz-KARS2017,
	booktitle = {{Proc. 1st International Workshop on Keyword-Based Access and Ranking at Scale (KARS 2017) -- Proc. of the Workshops of the EDBT/ICDT 2017 Joint Conference (EDBT/ICDT 2017)}},
	date-added = {2017-03-18 10:39:11 +0000},
	date-modified = {2017-03-18 10:42:27 +0000},
	editor = {Ioannidis, Y. E. and Stoyanovich, J. and Orsi, G. and Song, I.-Y. and Marcel, P. and Martoglia, R. and Penzo, W. and Mandreoli, F. and De Virgilio, R. and De Antonellis, V. and Bianchini, D. and Kotzinos, D. and Christophides, V. and Nikolaou, C. and Theodoridis, Y. and Ferro, N. and Guerra, F. and Ives, Z. and Silvello, G. and Theobald, M.},
	publisher = {{CEUR Workshop Proceedings (CEUR-WS.org), ISSN 1613-0073, \url{http://ceur-ws.org/Vol-1810/}}},
	title = {{Proc. 1st International Workshop on Keyword-Based Access and Ranking at Scale (KARS 2017) -- Proc. of the Workshops of the EDBT/ICDT 2017 Joint Conference (EDBT/ICDT 2017)}},
	year = {2017}}

@proceedings{zz-SIGIR1980,
	booktitle = {{Proc. 3rd Annual International ACM SIGIR Conference on Research and Development in Information Retrieval (SIGIR 1980)}},
	date-added = {2017-01-20 18:11:19 +0000},
	date-modified = {2017-01-20 18:12:03 +0000},
	editor = {van Rijsbergen, C. J.},
	publisher = {{ACM Press, New York, USA}},
	title = {{Proc. 3rd Annual International ACM SIGIR Conference on Research and Development in Information Retrieval (SIGIR 1980)}},
	year = {1980}}

@proceedings{zz-SIGIR1981,
	booktitle = {{Proc. 4th Annual International ACM SIGIR Conference on Research and Development in Information Retrieval (SIGIR 1981)}},
	date-added = {2017-01-20 17:54:45 +0000},
	date-modified = {2017-01-20 18:12:58 +0000},
	editor = {Crouch, C. J. and Cooper, W. S. and Herr, J.},
	publisher = {{ACM Press, New York, USA}},
	title = {{Proc. 4th Annual International ACM SIGIR Conference on Research and Development in Information Retrieval (SIGIR 1981)}},
	year = {1981}}

@proceedings{zz-ICTIR2016,
	booktitle = {{Proc. 2nd ACM SIGIR International Conference on the Theory of Information Retrieval (ICTIR 2016)}},
	date-added = {2017-01-18 11:44:06 +0000},
	date-modified = {2017-01-18 11:48:23 +0000},
	editor = {Carterette, B. A. and Fang, H. and Lalmas, M. and Nie, J.-Y.},
	publisher = {{ACM Press, New York, USA}},
	title = {{Proc. 2nd ACM SIGIR International Conference on the Theory of Information Retrieval (ICTIR 2016)}},
	year = {2016}}

@proceedings{zz-VLDB2003,
	booktitle = {{Proc. 29th International Conference on Very Large Data Bases (VLDB 2003)}},
	date-added = {2016-10-20 14:37:41 +0000},
	date-modified = {2016-10-20 14:39:25 +0000},
	editor = {Freytag, J. C. and Lockemann, P. C. and Abiteboul, S. and Carey, M. J. and Selinger, P. G. and Heuer, A.},
	publisher = {{Morgan Kaufmann Publisher, Inc., San Francisco, CA, USA}},
	title = {{Proc. 29th International Conference on Very Large Data Bases (VLDB 2003)}},
	year = {2003}}

@proceedings{zz-VLDB2002,
	booktitle = {{Proc. 28th International Conference on Very Large Data Bases (VLDB 2002)}},
	date-added = {2016-10-20 14:27:56 +0000},
	date-modified = {2016-10-20 14:37:59 +0000},
	editor = {Bernstein, P. A. and Ioannidis, Y. E. and Ramakrishnan, R. and Papadias, D.},
	publisher = {{Morgan Kaufmann Publisher, Inc., San Francisco, CA, USA}},
	title = {{Proc. 28th International Conference on Very Large Data Bases (VLDB 2002)}},
	year = {2002}}

@proceedings{zz-VLDB2005,
	booktitle = {{Proc. 31st International Conference on Very Large Data Bases (VLDB 2005)}},
	date-added = {2016-10-20 13:54:09 +0000},
	date-modified = {2016-10-20 14:00:09 +0000},
	editor = {B{\"{o}}hm, K. and Jensen, C. S. and Haas, L. M. and Kersten, M. L. and Larson, P.-A. and Chin Ooi, B.},
	publisher = {{ACM Press, New York, USA}},
	title = {{Proc. 31st International Conference on Very Large Data Bases (VLDB 2005)}},
	year = {2004}}

@proceedings{zz-CIKM2015,
	booktitle = {{Proc. 24th International Conference on Information and Knowledge Management (CIKM 2015)}},
	date-added = {2016-10-17 08:23:29 +0000},
	date-modified = {2016-10-17 08:25:20 +0000},
	editor = {Bailey, J. and Moffat, A. and Aggarwal, C. C. and de Rijke, M. and Kumar, R. and Murdock, V. and Sellis, T. and Xu Yu, J.},
	publisher = {{ACM Press, New York, USA}},
	title = {{Proc. 24th International Conference on Information and Knowledge Management (CIKM 2015)}},
	year = {2015}}

@proceedings{zz-CIKM2013,
	booktitle = {{Proc. 22nd International Conference on Information and Knowledge Management (CIKM 2013)}},
	date-added = {2016-10-17 08:22:45 +0000},
	date-modified = {2016-10-17 08:22:45 +0000},
	editor = {Iyengar, A. and He, Q. and Pei, J. and Rastogi, R. and Nejdl, W.},
	publisher = {{ACM Press, New York, USA}},
	title = {{Proc. 22nd International Conference on Information and Knowledge Management (CIKM 2013)}},
	year = {2013}}

@proceedings{zz-CIKM2014,
	booktitle = {{Proc. 23rd International Conference on Information and Knowledge Management (CIKM 2014)}},
	date-added = {2016-10-17 08:08:01 +0000},
	date-modified = {2016-10-17 08:24:33 +0000},
	editor = {Li, X. and Wang, X. S. and Garofalakis, M. and Soboroff, I. and Suel, T. and Wang, M.},
	publisher = {{ACM Press, New York, USA}},
	title = {{Proc. 23rd International Conference on Information and Knowledge Management (CIKM 2014)}},
	year = {2014}}

@proceedings{zz-EVIA2016,
	booktitle = {{Proc. 7th International Workshop on Evaluating Information Access (EVIA 2016)}},
	date-added = {2016-09-10 17:43:33 +0000},
	date-modified = {2016-09-10 17:45:28 +0000},
	editor = {Yilmaz, E. and Clarke, C. L. A.},
	publisher = {{National Institute of Informatics, Tokyo, Japan}},
	title = {{Proc. 7th International Workshop on Evaluating Information Access (EVIA 2016)}},
	year = {2016}}

@proceedings{zz-ADCS2016,
	booktitle = {{Proc. 21st Australasian Document Computing Symposium (ADCS 2016)}},
	date-added = {2016-08-10 17:37:40 +0000},
	date-modified = {2017-10-15 16:23:08 +0000},
	editor = {Carman, M. and Karimi, S.},
	publisher = {{ACM Press, New York, USA}},
	title = {{Proc. 21st Australasian Document Computing Symposium (ADCS 2016)}},
	year = {2016}}

@proceedings{zz-WWW2005,
	booktitle = {{Proc. 14th International Conference on World Wide Web (WWW 2005)}},
	date-added = {2016-08-08 07:44:57 +0000},
	date-modified = {2016-08-08 07:53:11 +0000},
	editor = {Ellis, A. and Hagino, T. and Douglis, F. and Raghavan, P.},
	publisher = {{ACM Press, New York, USA}},
	title = {{Proc. 14th International Conference on World Wide Web (WWW 2005)}},
	year = {2005}}

@proceedings{zz-AIRS2009,
	booktitle = {{Information Retrieval Technology -- Proc. 5th Asia Information Retrieval Symposium (AIRS 2009)}},
	date-added = {2016-08-08 06:35:59 +0000},
	date-modified = {2016-08-08 06:38:56 +0000},
	editor = {Lee, G. G. and Song, D. and Lin, C.-Y. and Aizawa, A. and Kuriyama, K. and Yoshioka, M. and Sakai, T.},
	publisher = {{Lecture Notes in Computer Science (LNCS) 5839, Springer, Heidelberg, Germany}},
	title = {{Information Retrieval Technology -- Proc. 5th Asia Information Retrieval Symposium (AIRS 2009)}},
	year = {2009}}

@proceedings{zz-WWW2010,
	booktitle = {{Proc. 19th International Conference on World Wide Web (WWW 2010)}},
	date-added = {2016-08-08 06:29:50 +0000},
	date-modified = {2016-08-08 06:31:04 +0000},
	editor = {Rappa, M. and Jones, P. and Freire, J. and Chakrabarti, S.},
	publisher = {{ACM Press, New York, USA}},
	title = {{Proc. 19th International Conference on World Wide Web (WWW 2010)}},
	year = {2010}}

@proceedings{zz-Agosti2008-Editor,
	annote = {LabBD},
	booktitle = {{Information Access through Search Engines and Digital Libraries}},
	date-added = {2016-07-12 10:53:21 +0000},
	date-modified = {2016-07-12 10:53:21 +0000},
	editor = {Agosti, M.},
	publisher = {{Springer-Verlag, Heidelberg, Germany}},
	title = {{Information Access through Search Engines and Digital Libraries}},
	year = {2008}}

@proceedings{zz-WSDM2016,
	booktitle = {{Proc. 9th ACM International Conference on Web Searching and Data Mining (WSDM 2016)}},
	date-added = {2016-07-11 17:23:43 +0000},
	date-modified = {2016-07-11 17:25:16 +0000},
	editor = {Bennett, P. N. and Josifovski, V. and Neville, J. and Radlinski, F.},
	publisher = {{ACM Press, New York, USA}},
	title = {{Proc. 9th ACM International Conference on Web Searching and Data Mining (WSDM 2016)}},
	year = {2016}}

@proceedings{zz-TREC2014,
	booktitle = {{The Twenty-Third Text REtrieval Conference Proceedings (TREC 2014)}},
	date-added = {2016-06-29 14:07:38 +0000},
	date-modified = {2016-06-29 14:07:38 +0000},
	editor = {Voorhees, E. M. and Ellis, A.},
	publisher = {{National Institute of Standards and Technology (NIST), Special Publication 500-308, Washington, USA}},
	title = {{The Twenty-Third Text REtrieval Conference Proceedings (TREC 2014)}},
	year = {2015}}

@proceedings{zz-CLEF2015Proc,
	booktitle = {{Experimental IR Meets Multilinguality, Multimodality, and Interaction. Proceedings of the Sixth International Conference of the CLEF Association (CLEF 2015)}},
	date-added = {2016-06-10 11:05:17 +0000},
	date-modified = {2016-06-10 11:05:17 +0000},
	editor = {Mothe, J. and Savoy, J. and Kamps, J. and Pinel-Sauvagnat, K. and Jones, G. J. F. and SanJuan, E. and Cappellato, L. and Ferro, N.},
	publisher = {{Lecture Notes in Computer Science (LNCS) 9283, Springer, Heidelberg, Germany}},
	title = {{Experimental IR Meets Multilinguality, Multimodality, and Interaction. Proceedings of the Sixth International Conference of the CLEF Association (CLEF 2015)}},
	year = {2015}}

@proceedings{zz-CLEF2016WN,
	booktitle = {{CLEF 2016 Working Notes}},
	date-added = {2016-06-10 11:05:17 +0000},
	date-modified = {2016-06-17 14:02:49 +0000},
	editor = {Balog, K. and Cappellato, L. and Ferro, N. and Macdonald, C.},
	publisher = {{CEUR Workshop Proceedings (CEUR-WS.org), ISSN 1613-0073, \url{http://ceur-ws.org/Vol-1609/}}},
	title = {{CLEF 2016 Working Notes}},
	year = {2016}}

@proceedings{zz-ACHS2016,
	booktitle = {{Proc. First International Workshop on Accessing Cultural Heritage at Scale (ACHS 2016)}},
	date-added = {2016-05-25 07:19:31 +0000},
	date-modified = {2016-06-22 10:02:02 +0000},
	editor = {Clough, P. and Goodale, P. and Agosti, M. and Lawless, S.},
	publisher = {{CEUR Workshop Proceedings (CEUR-WS.org), ISSN 1613-0073, \url{http://ceur-ws.org/Vol-1611/}}},
	title = {{Proc. First International Workshop on Accessing Cultural Heritage at Scale (ACHS 2016)}},
	year = {2016}}

@proceedings{zz-SEBD2016,
	booktitle = {{Proc. 24th Italian Symposium on Advanced Database Systems (SEBD 2016)}},
	date-added = {2016-05-03 09:35:53 +0000},
	date-modified = {2016-06-22 09:49:06 +0000},
	editor = {Bochicchio, M. A. and Mecca, G.},
	publisher = {{Edizioni Matematicamente.it, San Donato (LE), Italy. ISBN 9788896354889}},
	title = {{Proc. 24th Italian Symposium on Advanced Database Systems (SEBD 2016)}},
	year = {2016}}

@proceedings{zz-IIR2016,
	booktitle = {{Proc. 7th Italian Information Retrieval Workshop (IIR 2016)}},
	date-added = {2016-05-03 09:31:19 +0000},
	date-modified = {2016-11-04 14:45:18 +0000},
	editor = {Di Nunzio, G. M. and Nardini, F. M. and Orlando, S.},
	publisher = {{CEUR Workshop Proceedings (CEUR-WS.org), ISSN 1613-0073, \url{http://ceur-ws.org/Vol-1653/}}},
	title = {{Proc. 7th Italian Information Retrieval Workshop (IIR 2016)}},
	year = {2016}}

@proceedings{zz-CHIIR2016,
	booktitle = {{Proc. 1st ACM SIGIR Conference on Human Information Interaction and Retrieval (CHIIR 2016)}},
	date-added = {2016-05-03 09:03:14 +0000},
	date-modified = {2018-09-26 12:26:13 +0200},
	editor = {Kelly, D. and Capra, R. and Belkin, N. and Teevan, J. and Vakkari, P.},
	publisher = {{ACM Press, New York, USA}},
	title = {{Proc. 1st ACM SIGIR Conference on Human Information Interaction and Retrieval (CHIIR 2016)}},
	year = {2016}}

@proceedings{zz-DagstuhlSeminar16041,
	booktitle = {{Report from Dagstuhl Seminar 16041: Reproducibility of Data-Oriented Experiments in e-Science}},
	date-added = {2016-05-01 17:26:29 +0000},
	date-modified = {2017-01-19 07:41:12 +0000},
	editor = {Freire, J. and Fuhr, N. and Rauber, A.},
	publisher = {{Schloss Dagstuhl--Leibniz-Zentrum f\"{u}r Informatik, Germany}},
	series = {{Dagstuhl Reports, Volume 6, Number 1}},
	title = {{Report from Dagstuhl Seminar 16041: Reproducibility of Data-Oriented Experiments in e-Science}},
	year = {2016}}

@proceedings{zz-IRCDL2017,
	booktitle = {{Proc. 13th Italian Research Conference on Digital Libraries (IRCDL 2017)}},
	date-added = {2016-04-25 08:46:39 +0000},
	date-modified = {2018-01-08 14:01:36 +0000},
	editor = {Grana, C. and Baraldi, L.},
	publisher = {{Communications in Computer and Information Science (CCIS) 733, Springer, Heidelberg, Germany}},
	title = {{Proc. 13th Italian Research Conference on Digital Libraries (IRCDL 2017)}},
	year = {2017}}

@proceedings{zz-ECIR2004,
	booktitle = {{Advances in Information Retrieval. Proc. 26th European Conference on IR Research (ECIR 2004)}},
	date-added = {2016-04-18 16:33:40 +0000},
	date-modified = {2016-04-18 16:34:35 +0000},
	editor = {McDonald, S. and Tait, J.},
	publisher = {{Lecture Notes in Computer Science (LNCS) 2997, Springer, Heidelberg, Germany}},
	title = {{Advances in Information Retrieval. Proc. 26th European Conference on IR Research (ECIR 2004)}},
	year = {2004}}

@proceedings{zz-ECIR2005,
	booktitle = {{Advances in Information Retrieval. Proc. 27th European Conference on IR Research (ECIR 2005)}},
	date-added = {2016-04-18 15:25:02 +0000},
	date-modified = {2016-04-18 15:26:35 +0000},
	editor = {Losada, D. E. and Fern\'{a}ndez-Luna, J. M.},
	publisher = {{Lecture Notes in Computer Science (LNCS) 3408, Springer, Heidelberg, Germany}},
	title = {{Advances in Information Retrieval. Proc. 27th European Conference on IR Research (ECIR 2005)}},
	year = {2005}}

@proceedings{zz-SIGIR2021,
	booktitle = {{Proc. 44th Annual International ACM SIGIR Conference on Research and Development in Information Retrieval (SIGIR 2021)}},
	date-added = {2016-04-15 10:46:52 +0000},
	date-modified = {2021-08-20 10:46:20 +0200},
	editor = {Diaz, F. and Shah, C. and Suel, T. and Castells, P. and Jones, R. and Sakai, T. and Bellog{\'\i}n, A. and Yoshioka, M.},
	publisher = {{ACM Press, New York, USA}},
	title = {{Proc. 44th Annual International ACM SIGIR Conference on Research and Development in Information Retrieval (SIGIR 2021)}},
	year = {2021}}

@proceedings{zz-LREC2002,
	booktitle = {{Proc. 3rd International Language Resources and Evaluation Conference (LREC 2002)}},
	date-added = {2016-02-04 06:47:23 +0000},
	date-modified = {2016-02-04 06:47:40 +0000},
	editor = {{European Language Resources Association (ELRA)}},
	title = {{Proc. 3rd International Language Resources and Evaluation Conference (LREC 2002)}},
	year = {2002}}

@proceedings{zz-SIGIR2015,
	booktitle = {{Proc. 38th Annual International ACM SIGIR Conference on Research and Development in Information Retrieval (SIGIR 2015)}},
	date-added = {2016-01-21 12:33:39 +0000},
	date-modified = {2016-01-21 12:35:24 +0000},
	editor = {Baeza-Yates, R. and Lalmas, M. and Moffat, A. and Ribeiro-Neto, B.},
	publisher = {{ACM Press, New York, USA}},
	title = {{Proc. 38th Annual International ACM SIGIR Conference on Research and Development in Information Retrieval (SIGIR 2015)}},
	year = {2015}}

@proceedings{zz-TREC2013,
	booktitle = {{The Twenty-Second Text REtrieval Conference Proceedings (TREC 2013)}},
	date-added = {2016-01-21 11:45:07 +0000},
	date-modified = {2016-06-29 14:07:15 +0000},
	editor = {Voorhees, E. M.},
	publisher = {{National Institute of Standards and Technology (NIST), Special Publication 500-302, Washington, USA}},
	title = {{The Twenty-Second Text REtrieval Conference Proceedings (TREC 2013)}},
	year = {2014}}

@proceedings{zz-ECIR2015,
	booktitle = {{Advances in Information Retrieval. Proc. 37th European Conference on IR Research (ECIR 2015)}},
	date-added = {2016-01-03 16:49:30 +0000},
	date-modified = {2016-01-03 16:49:30 +0000},
	editor = {Fuhr, N. and Rauber, A. and Kazai, G. and Hanbury, A.},
	publisher = {{Lecture Notes in Computer Science (LNCS) 9022, Springer, Heidelberg, Germany}},
	title = {{Advances in Information Retrieval. Proc. 37th European Conference on IR Research (ECIR 2015)}},
	year = {2015}}

@inproceedings{zz-DagstuhlSeminar10291,
	booktitle = {{Report from Dagstuhl Seminar 10291: Automation in Digital Preservation}},
	date-added = {2015-12-21 15:55:07 +0000},
	date-modified = {2016-07-16 14:30:28 +0000},
	editor = {Chanod, J.-P. and Dobreva, M. and Rauber, A. and Ross, S.},
	publisher = {{Schloss Dagstuhl--Leibniz-Zentrum f\"{u}r Informatik, Germany}},
	series = {{Dagstuhl Reports}},
	title = {{Report from Dagstuhl Seminar 10291: Automation in Digital Preservation}},
	year = {2010}}

@proceedings{zz-JCDL2015,
	booktitle = {{Proc. 15th ACM/IEEE-CS Joint Conference on Digital Libraries (JCDL 2015)}},
	date-added = {2015-12-21 13:50:32 +0000},
	date-modified = {2015-12-21 13:52:52 +0000},
	editor = {Logasa Bogen II, P. and Allard, S. and Mercer, H. and Beck, M.},
	publisher = {{ACM Press, New York, USA}},
	title = {{Proc. 15th ACM/IEEE-CS Joint Conference on Digital Libraries (JCDL 2015)}},
	year = {2015}}

@proceedings{zz-JCDL2013,
	booktitle = {{Proc. 13th ACM/IEEE-CS Joint Conference on Digital Libraries (JCDL 2013)}},
	date-added = {2015-12-18 12:07:41 +0000},
	date-modified = {2015-12-18 12:09:24 +0000},
	editor = {Downie, J. S. and McDonald, R. H. and Cole, T. W. and Sanderson, R. and Shipman, F.},
	publisher = {{ACM Press, New York, USA}},
	title = {{Proc. 13th ACM/IEEE-CS Joint Conference on Digital Libraries (JCDL 2013)}},
	year = {2013}}

@proceedings{zz-ITALIA2015,
	booktitle = {{1st AI*IA Workshop on Intelligent Techniques At LIbraries and Archives (IT@LIA 2015)}},
	date-added = {2015-11-12 17:26:44 +0000},
	date-modified = {2015-11-12 17:27:40 +0000},
	editor = {Ferilli, S. and Ferro, N.},
	publisher = {{CEUR Workshop Proceedings (CEUR-WS.org), ISSN 1613-0073, \url{http://ceur-ws.org/Vol-1509/}}},
	title = {{1st AI*IA Workshop on Intelligent Techniques At LIbraries and Archives (IT@LIA 2015)}},
	year = {2015}}

@proceedings{zz-MWA2015,
	booktitle = {{Proc. 1st International Workshop on Multilingual Web Access (MWA 2015)}},
	date-added = {2015-09-17 12:36:11 +0000},
	date-modified = {2015-09-17 12:37:27 +0000},
	editor = {Steichen, B. and Ferro, N. and Lewis, D. and Chi, E. H.},
	publisher = {{ACM Press, New York, USA}},
	title = {{Proc. 1st International Workshop on Multilingual Web Access (MWA 2015)}},
	year = {2015}}

@proceedings{zz-SEBD2015,
	booktitle = {{Proc. 23rd Italian Symposium on Advanced Database Systems (SEBD 2015)}},
	date-added = {2015-09-17 12:26:01 +0000},
	date-modified = {2015-09-17 12:31:42 +0000},
	editor = {Atzeni, P. and Lenzerini, M. and Lembo, D. and Torlone, R.},
	title = {{Proc. 23rd Italian Symposium on Advanced Database Systems (SEBD 2015)}},
	year = {2015}}

@proceedings{zz-AIUCD2013,
	booktitle = {{Collaborative Research Practives and Shared Infrastructures for Humanities Computing -- Atti del convegno annuale dell'Associazione per l'Informatica Umanistica e la Cultura Digitale (AIUCD 2013)}},
	date-added = {2015-09-17 09:54:51 +0000},
	date-modified = {2015-10-06 17:57:06 +0000},
	editor = {Agosti, M. and Tomasi, F.},
	publisher = {{CLEUP, Padova, Italia, ISBN 978-88-6787-2602}},
	title = {{Collaborative Research Practices and Shared Infrastructures for Humanities Computing -- Atti del convegno annuale dell'Associazione per l'Informatica Umanistica e la Cultura Digitale (AIUCD 2013)}},
	year = {2014}}

@proceedings{zz-AIUCD2012,
	booktitle = {{Digital Humanities: progetti italiani ed esperienze di convergenza multidisciplinare -- Atti del convegno annuale dell'Associazione per l'Informatica Umanistica e la Cultura Digitale (AIUCD 2012)}},
	date-added = {2015-09-17 09:05:17 +0000},
	date-modified = {2015-09-17 09:11:31 +0000},
	editor = {Ciotti, F.},
	publisher = {{Quaderni DigiLab, Sapienza Universit{\`a} Editrice, Roma, Italy}},
	title = {{Digital Humanities: progetti italiani ed esperienze di convergenza multidisciplinare -- Atti del convegno annuale dell'Associazione per l'Informatica Umanistica e la Cultura Digitale (AIUCD 2012)}},
	year = {2014}}

@proceedings{zz-ICCS2011,
	booktitle = {{Proc. 11th International Conference on Computational Science (ICCS 2011)}},
	date-added = {2015-09-16 17:26:00 +0000},
	date-modified = {2015-09-16 17:28:07 +0000},
	editor = {Sato, M. and Matsuoka, S. and Sloot, P. M. and van Albada, G. D. and Dongarra, J.},
	publisher = {{Procedia Computer Science, Vol. 4}},
	title = {{Proc. 11th International Conference on Computational Science (ICCS 2011)}},
	year = {2011}}

@proceedings{zz-CLEF2016Proc,
	booktitle = {{Experimental IR Meets Multilinguality, Multimodality, and Interaction. Proceedings of the Seventh International Conference of the CLEF Association (CLEF 2016)}},
	date-added = {2015-08-27 07:34:08 +0000},
	date-modified = {2016-06-29 15:07:13 +0000},
	editor = {Fuhr, N. and Quaresma, P. and Gon{\c c}alves, T. and Larsen, B. and Balog, K. and Macdonald, C. and Cappellato, L. and Ferro, N.},
	publisher = {{Lecture Notes in Computer Science (LNCS) 9822, Springer, Heidelberg, Germany}},
	title = {{Experimental IR Meets Multilinguality, Multimodality, and Interaction. Proceedings of the Seventh International Conference of the CLEF Association (CLEF 2016)}},
	year = {2016}}

@proceedings{zz-CLEF2014WN,
	booktitle = {{CLEF 2014 Labs and Workshops, Notebook Papers}},
	date-added = {2015-08-27 07:34:08 +0000},
	date-modified = {2015-08-27 07:34:08 +0000},
	editor = {Cappellato, L. and Ferro, N. and Halvey, M. and Kraaij, W.},
	publisher = {{CEUR Workshop Proceedings (CEUR-WS.org), ISSN 1613-0073, \url{http://ceur-ws.org/Vol-1180/}}},
	title = {{CLEF 2014 Working Notes}},
	year = {2014}}

@proceedings{zz-WWW2015,
	booktitle = {{Proc. 24th International Conference on World Wide Web (WWW 2015)}},
	date-added = {2015-08-24 10:35:26 +0000},
	date-modified = {2015-08-24 10:36:40 +0000},
	editor = {Gangemi, A. and Leonardi, S. and Panconesi, A. and Gummadi, K. and Zhai, C.},
	publisher = {{ACM Press, New York, USA}},
	title = {{Proc. 24th International Conference on World Wide Web (WWW 2015)}},
	year = {2015}}

@proceedings{zz-ICTIR2015,
	booktitle = {{Proc. 1st ACM SIGIR International Conference on the Theory of Information Retrieval (ICTIR 2015)}},
	date-added = {2015-07-15 11:29:27 +0000},
	date-modified = {2015-07-15 11:30:52 +0000},
	editor = {Allan, J. and Croft, W. B. and de Vries, A. P. and Zhai, C. and Fuhr, N. and Zhang, Y.},
	publisher = {{ACM Press, New York, USA}},
	title = {{Proc. 1st ACM SIGIR International Conference on the Theory of Information Retrieval (ICTIR 2015)}},
	year = {2015}}

@proceedings{zz-IRCDL2015,
	booktitle = {{Digital Libraries on the Move -- Proc. 11th Italian Research Conference on Digital Libraries (IRCDL 2015)}},
	date-added = {2015-07-07 13:55:10 +0000},
	date-modified = {2016-07-04 10:59:07 +0000},
	editor = {Calvanese, D. and De Nart, D. and Tasso, C.},
	publisher = {{Communications in Computer and Information Science (CCIS) 612, Springer, Heidelberg, Germany}},
	title = {{Digital Libraries on the Move -- Proc. 11th Italian Research Conference on Digital Libraries (IRCDL 2015)}},
	year = {2016}}

@proceedings{zz-PMHR2011,
	booktitle = {{Proc. First Workshop on Personalised Multilingual Hypertext Retrieval (PMHR 2011)}},
	date-added = {2015-06-27 07:23:11 +0000},
	date-modified = {2015-06-27 07:25:02 +0000},
	editor = {Agosti, M. and De Luca, E. W. and Lawless, S. and Leveling, J.},
	publisher = {{ACM Press, New York, USA}},
	title = {{Proc. First Workshop on Personalised Multilingual Hypertext Retrieval (PMHR 2011)}},
	year = {2011}}

@proceedings{zz-MelucciBaezaYates2011-Editor,
	annote = {LabBD},
	booktitle = {{Advanced Topics in Information Retrieval}},
	date-added = {2015-06-27 07:17:25 +0000},
	date-modified = {2015-06-27 07:19:43 +0000},
	editor = {Melucci, M. and Baeza-Yaetes, R. A.},
	publisher = {{The Information Retrieval Series, Vol. 33, Springer-Verlag, Heidelberg, Germany}},
	title = {{Advanced Topics in Information Retrieval}},
	year = {2011}}

@proceedings{zz-TPDL2012,
	booktitle = {{Proc. 16th International Conference on Theory and Practice of Digital Libraries (TPDL 2012)}},
	date-added = {2015-06-26 17:02:20 +0000},
	date-modified = {2015-06-26 17:03:11 +0000},
	editor = {Zaphiris, P. and Buchanan, G. and Rasmussen, E. and Loizides, F.},
	publisher = {{Lecture Notes in Computer Science (LNCS) 7489, Springer, Heidelberg, Germany}},
	title = {{Proc. 16th International Conference on Theory and Practice of Digital Libraries (TPDL 2012)}},
	year = {2012}}

@proceedings{zz-IRCDL2013,
	booktitle = {{Bridging Between Cultural Heritage Institutions -- Proc. 9th Italian Research Conference on Digital Libraries (IRCDL 2013)}},
	date-added = {2015-06-26 16:40:10 +0000},
	date-modified = {2015-06-26 16:40:10 +0000},
	editor = {Catarci, T. and Ferro, N. and Poggi, A.},
	publisher = {{Communications in Computer and Information Science (CCIS) 385, Springer, Heidelberg, Germany}},
	title = {{Bridging Between Cultural Heritage Institutions -- Proc. 9th Italian Research Conference on Digital Libraries (IRCDL 2013)}},
	year = {2014}}

@proceedings{zz-IIR2015,
	booktitle = {{Proc. 6th Italian Information Retrieval Workshop (IIR 2015)}},
	date-added = {2015-05-18 10:03:51 +0000},
	date-modified = {2015-07-26 05:42:17 +0000},
	editor = {Boldi, P. and Perego, R. and Sebastiani, F.},
	publisher = {{CEUR Workshop Proceedings (CEUR-WS.org), ISSN 1613-0073, \url{http://ceur-ws.org/Vol-1404/}}},
	title = {{Proc. 6th Italian Information Retrieval Workshop (IIR 2015)}},
	year = {2015}}

@inproceedings{zz-DagstuhlSeminar13441,
	booktitle = {{Report from Dagstuhl Seminar 13441: Evaluation Methodologies in Information Retrieval}},
	date-added = {2015-05-03 17:52:44 +0000},
	date-modified = {2016-07-16 14:30:35 +0000},
	editor = {Agosti, M. and Fuhr, N. and Toms, E. and Vakkari, P.},
	publisher = {{Schloss Dagstuhl--Leibniz-Zentrum f\"{u}r Informatik, Germany}},
	series = {{Dagstuhl Reports, Volume 3, Number 10}},
	title = {{Report from Dagstuhl Seminar 13441: Evaluation Methodologies in Information Retrieval}},
	year = {2014}}

@proceedings{zz-SIGMOD2011,
	booktitle = {{Proc. ACM SIGMOD International Conference on Management of Data (SIGMOD 2011)}},
	date-added = {2015-04-29 14:18:35 +0000},
	date-modified = {2015-04-29 14:19:48 +0000},
	editor = {Sellis, T. and Miller, R. J. and Kementsietsidis, A. and Velegrakis, Y.},
	publisher = {{ACM Press, New York, USA}},
	title = {{Proc. ACM SIGMOD International Conference on Management of Data (SIGMOD 2011)}},
	year = {2011}}

@proceedings{zz-SIGMOD2001,
	booktitle = {{Proc. ACM SIGMOD International Conference on Management of Data (SIGMOD 2001)}},
	date-added = {2015-04-29 14:12:41 +0000},
	date-modified = {2015-04-29 14:12:41 +0000},
	editor = {Sellis, T. and Mehrotra, S.},
	publisher = {{ACM Press, New York, USA}},
	title = {{Proc. ACM SIGMOD International Conference on Management of Data (SIGMOD 2001)}},
	year = {2001}}

@proceedings{zz-ER2011,
	booktitle = {{Proc. of the 30th International Conference on Conceptual Modeling (ER 2011)}},
	date-added = {2015-04-29 14:12:41 +0000},
	date-modified = {2015-04-29 14:12:41 +0000},
	editor = {Jeusfeld, M. A. and Delcambre, L. M. L. and Ling, T. W.},
	publisher = {{Lecture Notes in Computer Science (LNCS) 6998, Springer, Heidelberg, Germany}},
	title = {{Proc. of the 30th International Conference on Conceptual Modeling (ER 2011)}},
	year = {2011}}

@proceedings{zz-EVIA2014,
	booktitle = {{Proc. 6th International Workshop on Evaluating Information Access (EVIA 2014)}},
	date-added = {2015-04-20 17:05:32 +0000},
	date-modified = {2015-04-20 17:07:04 +0000},
	editor = {Mizzaro, S. and Song, R.},
	publisher = {{National Institute of Informatics, Tokyo, Japan}},
	title = {{Proc. 6th International Workshop on Evaluating Information Access (EVIA 2014)}},
	year = {2014}}

@proceedings{zz-ICTIR2013,
	booktitle = {{Proc. 4th International Conference on the Theory of Information Retrieval (ICTIR 2013)}},
	date-added = {2015-04-20 17:02:25 +0000},
	date-modified = {2015-04-20 17:03:57 +0000},
	editor = {Kurland, O. and Metzler, D. and Lioma, C. and Larsen, B. and Ingwersen, P.},
	publisher = {{ACM Press, New York, USA}},
	title = {{Proc. 4th International Conference on the Theory of Information Retrieval (ICTIR 2013)}},
	year = {2013}}

@proceedings{zz-EDBT2013,
	booktitle = {{16th International Conference on Extending Database Technology (EDBT 2013)}},
	date-added = {2015-03-24 09:40:28 +0000},
	date-modified = {2015-03-24 09:42:16 +0000},
	editor = {Guerrini, G. and Paton, N. W.},
	publisher = {{Academic Press, New York, USA}},
	title = {{16th International Conference on Extending Database Technology (EDBT 2013)}},
	year = {2013}}

@proceedings{zz-ECIR2013,
	booktitle = {{Advances in Information Retrieval. Proc. 35th European Conference on IR Research (ECIR 2013)}},
	date-added = {2015-03-24 09:30:57 +0000},
	date-modified = {2015-03-24 09:33:59 +0000},
	editor = {Serdyukov, P. and Braslavski, P. and Kuznetsov, S. O. and Kamps, J. and R\"{u}ger, S. and Agichtein, E. and Segalovich, I. and Yilmaz, E.},
	publisher = {{Lecture Notes in Computer Science (LNCS) 7814, Springer, Heidelberg, Germany}},
	title = {{Advances in Information Retrieval. Proc. 35th European Conference on IR Research (ECIR 2013)}},
	year = {2013}}

@proceedings{zz-SIGMOD2007,
	booktitle = {{Proc. ACM SIGMOD International Conference on Management of Data (SIGMOD 2007)}},
	date-added = {2015-03-20 16:47:15 +0000},
	date-modified = {2015-03-20 16:47:15 +0000},
	editor = {Chan, C. Y. and Ooi, B. C. and Zhou, A.},
	publisher = {{ACM Press, New York, USA}},
	title = {{Proc. ACM SIGMOD International Conference on Management of Data (SIGMOD 2007)}},
	year = {2007}}

@proceedings{zz-SIGMOD2009,
	booktitle = {{Proc. ACM SIGMOD International Conference on Management of Data (SIGMOD 2009)}},
	date-added = {2015-03-20 16:46:41 +0000},
	date-modified = {2015-03-20 16:46:41 +0000},
	editor = {{\c{C}}etintemel, U. and Zdonik, S. B. and Kossmann, D. and Tatbul, N.},
	publisher = {{ACM Press, New York, USA}},
	title = {{Proc. ACM SIGMOD International Conference on Management of Data (SIGMOD 2009)}},
	year = {2009}}

@proceedings{zz-WWW2014,
	booktitle = {{Proc. 23rd International Conference on World Wide Web (WWW 2014)}},
	date-added = {2015-01-29 05:52:42 +0000},
	date-modified = {2015-01-29 05:54:04 +0000},
	editor = {Chung, C.-W. and Broder, A. and Shim, K. and Suel, T.},
	publisher = {{ACM Press, New York, USA}},
	title = {{Proc. 23rd International Conference on World Wide Web (WWW 2014)}},
	year = {2014}}

@proceedings{zz-ECIR2016,
	booktitle = {{Advances in Information Retrieval. Proc. 38th European Conference on IR Research (ECIR 2016)}},
	date-added = {2015-01-29 05:09:02 +0000},
	date-modified = {2016-01-03 16:51:54 +0000},
	editor = {Ferro, N. and Crestani, F. and Moens, M.-F. and Mothe, J. and Silvestri, F. and Di Nunzio, G. M. and Hauff, C. and Silvello, G.},
	publisher = {{Lecture Notes in Computer Science (LNCS) 9626, Springer, Heidelberg, Germany}},
	title = {{Advances in Information Retrieval. Proc. 38th European Conference on IR Research (ECIR 2016)}},
	year = {2016}}

@proceedings{zz-MediaEval2013WN,
	booktitle = {{Working Notes Proceedings of the MediaEval 2013 Multimedia Benchmark Workshop}},
	date-added = {2015-01-27 08:49:54 +0000},
	date-modified = {2015-01-27 08:50:57 +0000},
	editor = {Larson, M. and Anguera, X. and Reuter, T. and Jones, G. J. F. and Ionescu, B. and Schedl, M. and Piatrik, T. and Hauff, C. and Soleymani, M.},
	publisher = {{CEUR Workshop Proceedings (CEUR-WS.org), ISSN 1613-0073, \url{http://ceur-ws.org/Vol-1043/}}},
	title = {{Working Notes Proceedings of the MediaEval 2013 Multimedia Benchmark Workshop}},
	year = {2013}}

@proceedings{zz-MediaEval2014WN,
	booktitle = {{Working Notes Proceedings of the MediaEval 2014 Multimedia Benchmark Workshop}},
	date-added = {2015-01-27 08:41:03 +0000},
	date-modified = {2015-01-27 08:42:51 +0000},
	editor = {Larson, M. and Ionescu, B. and Anguera, X. and Eskevich, M. and Korshunov, P. and Schedl, M. and Soleymani, M. and Petkos, P. and Sutcliffe, R. and Choi, J. and Jones, G. J. F.},
	publisher = {{CEUR Workshop Proceedings (CEUR-WS.org), ISSN 1613-0073, \url{http://ceur-ws.org/Vol-1263/}}},
	title = {{Working Notes Proceedings of the MediaEval 2014 Multimedia Benchmark Workshop}},
	year = {2014}}

@proceedings{zz-INEX2010,
	booktitle = {{Advances in {XML} Information Retrieval, Ninth International Workshop of the Initiative for the Evaluation of {XML} Retrieval, {INEX} 2010}},
	date-added = {2014-11-20 19:57:28 +0000},
	date-modified = {2014-11-20 19:57:28 +0000},
	editor = {Geva, S. and Kamps, J. and Schenkel, R. and Trotman, A.},
	publisher = {{Lecture Notes in Computer Science (LNCS) 6932, Springer, Heidelberg, Germany}},
	title = {{Advances in {XML} Information Retrieval, Ninth International Workshop of the Initiative for the Evaluation of {XML} Retrieval, {INEX} 2010}},
	year = {2011}}

@proceedings{zz-INEX2008,
	booktitle = {{Advances in {XML} Information Retrieval, Seven International Workshop of the Initiative for the Evaluation of {XML} Retrieval, {INEX} 2008}},
	date-added = {2014-11-20 19:57:28 +0000},
	date-modified = {2014-11-20 19:57:28 +0000},
	editor = {Geva, S. and Kamps, J. and Trotman, A.},
	publisher = {{Lecture Notes in Computer Science (LNCS) 5631, Springer, Heidelberg, Germany}},
	title = {{Advances in {XML} Information Retrieval, Seven International Workshop of the Initiative for the Evaluation of {XML} Retrieval, {INEX} 2008}},
	year = {2008}}

@proceedings{zz-INEX2009,
	booktitle = {{Advances in {XML} Information Retrieval, Eight International Workshop of the Initiative for the Evaluation of {XML} Retrieval, {INEX} 2009}},
	date-added = {2014-11-20 19:57:28 +0000},
	date-modified = {2014-11-20 19:57:28 +0000},
	editor = {Geva, S. and Kamps, J. and Trotman, A.},
	publisher = {{Lecture Notes in Computer Science (LNCS) 6203, Springer, Heidelberg, Germany}},
	title = {{Advances in {XML} Information Retrieval, Eight International Workshop of the Initiative for the Evaluation of {XML} Retrieval, {INEX} 2009}},
	year = {2010}}

@proceedings{zz-INEX2004,
	booktitle = {{Advances in {XML} Information Retrieval, Third International Workshop of the Initiative for the Evaluation of {XML} Retrieval, {INEX} 2004}},
	date-added = {2014-11-20 19:57:28 +0000},
	date-modified = {2014-11-20 19:57:28 +0000},
	editor = {Fuhr, N. and Lalmas, M. and Malik, S. and Szl{\'{a}}vik, Z.},
	publisher = {{Lecture Notes in Computer Science (LNCS) 3493, Springer, Heidelberg, Germany}},
	title = {{Advances in {XML} Information Retrieval, Third International Workshop of the Initiative for the Evaluation of {XML} Retrieval, {INEX} 2004}},
	year = {2005}}

@proceedings{zz-WWW2007,
	booktitle = {{Proc. 16th International Conference on World Wide Web (WWW 2007)}},
	date-added = {2014-11-20 19:49:51 +0000},
	date-modified = {2014-11-20 19:51:01 +0000},
	editor = {Williamson, C. and Zurko, M. E.},
	publisher = {{ACM Press, New York, USA}},
	title = {{Proc. 16th International Conference on World Wide Web (WWW 2007)}},
	year = {2007}}

@proceedings{zz-CLEF2001WN,
	booktitle = {{CLEF 2001 Working Notes}},
	date-added = {2014-10-16 12:11:22 +0000},
	date-modified = {2014-10-16 12:11:22 +0000},
	editor = {Peters, C. and Ferro, N.},
	publisher = {{CEUR Workshop Proceedings (CEUR-WS.org), ISSN 1613-0073, \url{http://ceur-ws.org/Vol-1167/}}},
	title = {{CLEF 2001 Working Notes}},
	year = {2001}}

@proceedings{zz-CLEF2002WN,
	booktitle = {{CLEF 2002 Working Notes}},
	date-added = {2014-10-16 12:11:01 +0000},
	date-modified = {2014-10-16 12:11:01 +0000},
	editor = {Peters, C. and Ferro, N.},
	publisher = {{CEUR Workshop Proceedings (CEUR-WS.org), ISSN 1613-0073, \url{http://ceur-ws.org/Vol-1168/}}},
	title = {{CLEF 2002 Working Notes}},
	year = {2002}}

@proceedings{zz-CLEF2000WN,
	booktitle = {{CLEF 2000 Working Notes}},
	date-added = {2014-10-16 12:10:34 +0000},
	date-modified = {2014-10-16 12:11:42 +0000},
	editor = {Peters, C. and Ferro, N.},
	publisher = {{CEUR Workshop Proceedings (CEUR-WS.org), ISSN 1613-0073, \url{http://ceur-ws.org/Vol-1166/}}},
	title = {{CLEF 2000 Working Notes}},
	year = {2000}}

@proceedings{zz-CLEF2003WN,
	booktitle = {{CLEF 2003 Working Notes}},
	date-added = {2014-10-16 12:10:00 +0000},
	date-modified = {2014-10-16 12:10:25 +0000},
	editor = {Peters, C. and Ferro, N.},
	publisher = {{CEUR Workshop Proceedings (CEUR-WS.org), ISSN 1613-0073, \url{http://ceur-ws.org/Vol-1169/}}},
	title = {{CLEF 2003 Working Notes}},
	year = {2003}}

@proceedings{zz-CLEF2004WN,
	booktitle = {{CLEF 2004 Working Notes}},
	date-added = {2014-10-16 12:09:02 +0000},
	date-modified = {2014-10-16 12:09:26 +0000},
	editor = {Borri, F. and Peters, C. and Ferro, N.},
	publisher = {{CEUR Workshop Proceedings (CEUR-WS.org), ISSN 1613-0073, \url{http://ceur-ws.org/Vol-1170/}}},
	title = {{CLEF 2004 Working Notes}},
	year = {2004}}

@proceedings{zz-CLEF2005WN,
	booktitle = {{CLEF 2005 Working Notes}},
	date-added = {2014-10-16 12:08:06 +0000},
	date-modified = {2014-10-16 23:57:25 +0000},
	editor = {Peters, C. and Quochi, V. and Ferro, N.},
	publisher = {{CEUR Workshop Proceedings (CEUR-WS.org), ISSN 1613-0073, \url{http://ceur-ws.org/Vol-1171/}}},
	title = {{CLEF 2005 Working Notes}},
	year = {2005}}

@proceedings{zz-CLEF2006WN,
	booktitle = {{CLEF 2006 Working Notes}},
	date-added = {2014-10-16 12:07:31 +0000},
	date-modified = {2014-10-16 12:08:00 +0000},
	editor = {Nardi, A. and Peters, C. and Vicedo, J. L. and Ferro, N.},
	publisher = {{CEUR Workshop Proceedings (CEUR-WS.org), ISSN 1613-0073, \url{http://ceur-ws.org/Vol-1172/}}},
	title = {{CLEF 2006 Working Notes}},
	year = {2006}}

@proceedings{zz-CLEF2007WN,
	booktitle = {{CLEF 2007 Working Notes}},
	date-added = {2014-10-16 12:06:55 +0000},
	date-modified = {2014-10-16 12:07:18 +0000},
	editor = {Nardi, A. and Peters, C. and Ferro, N.},
	publisher = {{CEUR Workshop Proceedings (CEUR-WS.org), ISSN 1613-0073, \url{http://ceur-ws.org/Vol-1173/}}},
	title = {{CLEF 2007 Working Notes}},
	year = {2007}}

@proceedings{zz-CLEF2008WN,
	booktitle = {{CLEF 2008 Working Notes}},
	date-added = {2014-10-16 12:05:08 +0000},
	date-modified = {2014-10-16 23:58:02 +0000},
	editor = {Borri, F. and Nardi, A. and Peters, C. and Ferro, N.},
	publisher = {{CEUR Workshop Proceedings (CEUR-WS.org), ISSN 1613-0073, \url{http://ceur-ws.org/Vol-1174/}}},
	title = {{CLEF 2008 Working Notes}},
	year = {2008}}

@proceedings{zz-CLEF2009WN,
	booktitle = {{CLEF 2009 Working Notes}},
	date-added = {2014-10-16 12:03:53 +0000},
	date-modified = {2014-10-16 23:58:21 +0000},
	editor = {Borri, F. and Nardi, A. and Peters, C. and Ferro, N.},
	publisher = {{CEUR Workshop Proceedings (CEUR-WS.org), ISSN 1613-0073, \url{http://ceur-ws.org/Vol-1175/}}},
	title = {{CLEF 2009 Working Notes}},
	year = {2009}}

@proceedings{zz-CLEF2010WN,
	booktitle = {{CLEF 2010 Working Notes}},
	date-added = {2014-10-16 12:02:49 +0000},
	date-modified = {2014-10-16 12:03:28 +0000},
	editor = {Braschler, M. and Harman, D. K. and Pianta, E. and Ferro, N.},
	publisher = {{CEUR Workshop Proceedings (CEUR-WS.org), ISSN 1613-0073, \url{http://ceur-ws.org/Vol-1176/}}},
	title = {{CLEF 2010 Working Notes}},
	year = {2010}}

@proceedings{zz-CLEF2011WN,
	booktitle = {{CLEF 2011 Working Notes}},
	date-added = {2014-10-16 12:02:02 +0000},
	date-modified = {2014-10-16 12:02:40 +0000},
	editor = {Petras, V. and Forner, P. and Clough, P. and Ferro, N.},
	publisher = {{CEUR Workshop Proceedings (CEUR-WS.org), ISSN 1613-0073, \url{http://ceur-ws.org/Vol-1177/}}},
	title = {{CLEF 2011 Working Notes}},
	year = {2011}}

@proceedings{zz-CLEF2012WN,
	booktitle = {{CLEF 2012 Working Notes}},
	date-added = {2014-10-16 12:00:30 +0000},
	date-modified = {2014-10-16 12:01:14 +0000},
	editor = {Forner, P. and Karlgren, J. and Womser-Hacker, C. and Ferro, N.},
	publisher = {{CEUR Workshop Proceedings (CEUR-WS.org), ISSN 1613-0073, \url{http://ceur-ws.org/Vol-1178/}}},
	title = {{CLEF 2012 Working Notes}},
	year = {2012}}

@proceedings{zz-CLEF2013WN,
	booktitle = {{CLEF 2013 Working Notes}},
	date-added = {2014-10-16 11:58:14 +0000},
	date-modified = {2014-10-16 12:00:22 +0000},
	editor = {Forner, P. and Navigli, R. and Tufis, D. and Ferro, N.},
	publisher = {{CEUR Workshop Proceedings (CEUR-WS.org), ISSN 1613-0073, \url{http://ceur-ws.org/Vol-1179/}}},
	title = {{CLEF 2013 Working Notes}},
	year = {2013}}

@proceedings{zz-CIKM2010,
	booktitle = {{Proc. 19th International Conference on Information and Knowledge Management (CIKM 2010)}},
	date-added = {2014-09-30 06:56:04 +0000},
	date-modified = {2014-09-30 06:57:13 +0000},
	editor = {Huang, J. and Koudas, N. and Jones, G. J. F. and Wu, X. and Collins-Thompson, K. and An, A.},
	publisher = {{ACM Press, New York, USA}},
	title = {{Proc. 19th International Conference on Information and Knowledge Management (CIKM 2010)}},
	year = {2010}}

@proceedings{zz-CIKM2008,
	booktitle = {{Proc. 17th International Conference on Information and Knowledge Management (CIKM 2008)}},
	date-added = {2014-09-29 02:15:04 +0000},
	date-modified = {2014-09-29 02:16:33 +0000},
	editor = {Shanahan, J. G. and Amer-Yahia, S. and Manolescu, I. and Zhang, Y. and Evans, D. A. and Kolcz, A. and Choi, K.-S. and Chowdhury, A.},
	publisher = {{ACM Press, New York, USA}},
	title = {{Proc. 17th International Conference on Information and Knowledge Management (CIKM 2008)}},
	year = {2008}}

@proceedings{zz-ECIR2012,
	booktitle = {{Advances in Information Retrieval. Proc. 32nd European Conference on IR Research (ECIR 2012)}},
	date-added = {2014-09-27 02:31:27 +0000},
	date-modified = {2014-09-27 02:35:22 +0000},
	editor = {Baeza-Yaetes, R. and de Vries, A. P. and Zaragoza, H. and Cambazoglu, B. B. and Murdock, V. and Lempel, R. and Silvestri, F.},
	publisher = {{Lecture Notes in Computer Science (LNCS) 7224, Springer, Heidelberg, Germany}},
	title = {{Advances in Information Retrieval. Proc. 32nd European Conference on IR Research (ECIR 2012)}},
	year = {2012}}

@proceedings{zz-VAST2009,
	booktitle = {{Proc. IEEE Symposium on Visual Analytics Science and Technology (VAST 2009)}},
	date-added = {2014-09-15 12:55:47 +0000},
	date-modified = {2014-09-15 12:59:30 +0000},
	editor = {May, R. and Kohlhammer, J. and Stasko, J. and van Wijk, J.},
	publisher = {{IEEE Computer Society, Los Alamitos, CA, USA}},
	title = {{Proc. IEEE Symposium on Visual Analytics Science and Technology (VAST 2009)}},
	year = {2009}}

@proceedings{zz-NTCIR1,
	booktitle = {{Proc. 1st NTCIR Workshop on Research in Japanese Text Retrieval and Term Recognition}},
	date-added = {2014-08-27 09:43:36 +0000},
	date-modified = {2014-08-27 09:43:41 +0000},
	editor = {Kando, N.},
	publisher = {{National Center for Science Information Systems, Published Online}},
	title = {{Proc. 1st NTCIR Workshop on Research in Japanese Text Retrieval and Term Recognition}},
	year = {1999}}

@proceedings{zz-NTCIR2,
	booktitle = {{Proc. 2nd NTCIR Workshop on Research in Chinese \& Japanese Text Retrieval and Text Summarization}},
	date-added = {2014-08-27 09:43:36 +0000},
	date-modified = {2014-08-27 09:43:46 +0000},
	editor = {Adachi, J. and Kando, N.},
	publisher = {{National Institute of Informatics, Published Online}},
	title = {{Proc. 2nd NTCIR Workshop on Research in Chinese \& Japanese Text Retrieval and Text Summarization}},
	year = {2001}}

@proceedings{zz-NTCIR3,
	booktitle = {{Proc. 3rd NTCIR Workshop on research in Information Retrieval, Automatic Text Summarization and Question Answering}},
	date-added = {2014-08-27 09:43:36 +0000},
	date-modified = {2014-08-27 09:43:49 +0000},
	editor = {Oyama, K. and Ishida, E. and Kando, N.},
	publisher = {{National Institute of Informatics, Published Online}},
	title = {{Proc. 3rd NTCIR Workshop on research in Information Retrieval, Automatic Text Summarization and Question Answering}},
	year = {2002}}

@proceedings{zz-CLEF2014Proc,
	booktitle = {{Information Access Evaluation -- Multilinguality, Multimodality, and Interaction. Proceedings of the Fifth International Conference of the CLEF Initiative (CLEF 2014)}},
	date-added = {2014-08-22 10:11:39 +0000},
	date-modified = {2014-08-22 10:11:42 +0000},
	editor = {Kanoulas, E. and Lupu, M. and Clough, P. and Sanderson, M. and Hall, M. and Hanbury, A. and Toms, E.},
	publisher = {{Lecture Notes in Computer Science (LNCS) 8685, Springer, Heidelberg, Germany}},
	title = {{Information Access Evaluation -- Multilinguality, Multimodality, and Interaction. Proceedings of the Fifth International Conference of the CLEF Initiative (CLEF 2014)}},
	year = {2014}}

@proceedings{zz-FIRE20102011,
	booktitle = {{Multilingual Information Access in South Asian Languages -- Second and Third International Workshop of the Forum for Information Retrieval Evaluation (FIRE 2010 and 2011)}},
	date-added = {2014-08-16 17:40:18 +0000},
	date-modified = {2014-08-16 17:40:22 +0000},
	editor = {Majumder, P. and Mitra, M. and Bhattacharyya, P. and Subramaniam, L. V. and Contractor, D. and Rosso, P.},
	publisher = {{Lecture Notes in Computer Science (LNCS) 7536, Springer, Heidelberg, Germany}},
	title = {{Multilingual Information Access in South Asian Languages -- Second and Third International Workshop of the Forum for Information Retrieval Evaluation (FIRE 2010 and 2011)}},
	year = {2013}}

@proceedings{zz-NTCIR10,
	booktitle = {{Proc. 10th NTCIR Conference on Evaluation of Information Access Technologies}},
	date-added = {2014-08-16 17:40:18 +0000},
	date-modified = {2015-08-28 12:47:06 +0000},
	editor = {Kando, N. and Kishida, K.},
	publisher = {{National Institute of Informatics, Tokyo, Japan}},
	title = {{Proc. 10th NTCIR Conference on Evaluation of Information Access Technologies}},
	year = {2013}}

@proceedings{zz-VAST2010,
	booktitle = {{Proc. IEEE Symposium on Visual Analytics Science and Technology (VAST 2010)}},
	date-added = {2014-07-10 14:23:14 +0000},
	date-modified = {2014-07-10 14:24:08 +0000},
	editor = {MacEachren, A. and Miksch, S.},
	publisher = {{IEEE Computer Society, Los Alamitos, CA, USA}},
	title = {{Proc. IEEE Symposium on Visual Analytics Science and Technology (VAST 2010)}},
	year = {2010}}

@proceedings{zz-VAST2007,
	booktitle = {{Proc. IEEE Symposium on Visual Analytics Science and Technology (VAST 2007)}},
	date-added = {2014-07-10 14:10:30 +0000},
	date-modified = {2014-07-10 14:13:30 +0000},
	editor = {Ribarsky, W. and Dill, J.},
	publisher = {{IEEE Computer Society, Los Alamitos, CA, USA}},
	title = {{Proc. IEEE Symposium on Visual Analytics Science and Technology (VAST 2007)}},
	year = {2007}}

@proceedings{zz-CHI1995,
	booktitle = {{Proc. Conference on Human Factors and Computing Systems (CHI 1995)}},
	date-added = {2014-07-10 14:00:28 +0000},
	date-modified = {2014-07-10 14:04:41 +0000},
	editor = {Katz, I. R. and Mack, R. and Marks, L. and Rosson, M. B. and Nielsen, J.},
	publisher = {{ACM Press, New York, USA}},
	title = {{Proc. Conference on Human Factors and Computing Systems (CHI 1995)}},
	year = {1995}}

@proceedings{zz-CLEF2015WN,
	booktitle = {{CLEF 2015 Labs and Workshops, Notebook Papers}},
	date-added = {2014-06-25 10:47:28 +0000},
	date-modified = {2015-08-27 07:40:34 +0000},
	editor = {Cappellato, L. and Ferro, N. and Jones, G. J. F. and SanJuan, E.},
	publisher = {{CEUR Workshop Proceedings (CEUR-WS.org), ISSN 1613-0073, \url{http://ceur-ws.org/Vol-1391/}}},
	title = {{CLEF 2015 Working Notes}},
	year = {2015}}

@proceedings{zz-ECIR2014,
	booktitle = {{Advances in Information Retrieval. Proc. 36th European Conference on IR Research (ECIR 2014)}},
	date-added = {2014-06-10 05:28:09 +0000},
	date-modified = {2014-06-10 05:30:04 +0000},
	editor = {de Rijke, M. and Kenter, T. and de Vries, A. P. and Zhai, C. and de Jong, F. and Radinsky, K. and Hofmann, K.},
	publisher = {{Lecture Notes in Computer Science (LNCS) 8416, Springer, Heidelberg, Germany}},
	title = {{Advances in Information Retrieval. Proc. 36th European Conference on IR Research (ECIR 2014)}},
	year = {2014}}

@proceedings{zz-SEBD2014,
	booktitle = {{Proc. 22nd Italian Symposium on Advanced Database Systems (SEBD 2014)}},
	date-added = {2014-06-10 05:22:29 +0000},
	date-modified = {2014-06-10 05:23:15 +0000},
	editor = {Greco, S. and Picariello, A.},
	title = {{Proc. 22nd Italian Symposium on Advanced Database Systems (SEBD 2014)}},
	year = {2014}}

@proceedings{zz-SIGIR2014,
	booktitle = {{Proc. 37th Annual International ACM SIGIR Conference on Research and Development in Information Retrieval (SIGIR 2014)}},
	date-added = {2014-06-10 05:13:34 +0000},
	date-modified = {2014-06-10 05:14:56 +0000},
	editor = {Geva, S. and Trotman, A. and Bruza, P. and Clarke, C. L. A. and J\"{a}rvelin, K.},
	publisher = {{ACM Press, New York, USA}},
	title = {{Proc. 37th Annual International ACM SIGIR Conference on Research and Development in Information Retrieval (SIGIR 2014)}},
	year = {2014}}

@proceedings{zz-WWW2011,
	booktitle = {{Proc. 20th International Conference on World Wide Web (WWW 2011)}},
	date-added = {2014-06-06 17:23:32 +0000},
	date-modified = {2014-06-06 17:26:09 +0000},
	editor = {Sadagopan, S. and Kumar, A. and Ramamritham, K. and Ravindra, P. and Bertino, E. and Kumar, R.},
	publisher = {{ACM Press, New York, USA}},
	title = {{Proc. 20th International Conference on World Wide Web (WWW 2011)}},
	year = {2011}}

@proceedings{zz-TREC2015,
	booktitle = {{The Twenty-Fourth Text REtrieval Conference Proceedings (TREC 2015)}},
	date-added = {2014-05-12 09:46:40 +0000},
	date-modified = {2016-06-29 14:08:13 +0000},
	editor = {Voorhees, E. M. and Ellis, A.},
	publisher = {{National Institute of Standards and Technology (NIST), Special Publication 500-319, Washington, USA}},
	title = {{The Twenty-Fourth Text REtrieval Conference Proceedings (TREC 2015)}},
	year = {2016}}

@proceedings{zz-TREC2012,
	booktitle = {{The Twenty-First Text REtrieval Conference Proceedings (TREC 2012)}},
	date-added = {2014-05-12 09:44:38 +0000},
	date-modified = {2016-06-29 14:07:11 +0000},
	editor = {Voorhees, E. M. and Buckland, L. P.},
	publisher = {{National Institute of Standards and Technology (NIST), Special Publication 500-298, Washington, USA}},
	title = {{The Twenty-First Text REtrieval Conference Proceedings (TREC 2012)}},
	year = {2013}}

@proceedings{zz-VLDB1979,
	booktitle = {{Proc. 5th International Conference on Very Large Data Bases (VLDB 1979)}},
	date-added = {2014-03-06 07:29:27 +0000},
	date-modified = {2014-03-06 07:34:07 +0000},
	editor = {Furtado, A. L. and Morgan, H. L.},
	publisher = {{IEEE Computer Society, Los Alamitos, CA, USA}},
	title = {{Proc. 5th International Conference on Very Large Data Bases (VLDB 1979)}},
	year = {1979}}

@proceedings{zz-NTCIR5,
	booktitle = {{Proc. 5th NTCIR Workshop Meeting on Evaluation of Information Access Technologies: Information Retrieval, Question Answering and Cross-Lingual Information Access}},
	date-added = {2014-02-24 15:32:07 +0000},
	date-modified = {2014-02-24 15:32:07 +0000},
	editor = {Kando, N. and Takaku, M.},
	publisher = {{National Institute of Informatics, Published Online}},
	title = {{Proc. 5th NTCIR Workshop Meeting on Evaluation of Information Access Technologies: Information Retrieval, Question Answering and Cross-Lingual Information Access}},
	year = {2005}}

@proceedings{zz-WWW2012,
	booktitle = {{Proc. 21st International Conference on World Wide Web (WWW 2012)}},
	date-added = {2014-02-17 18:35:41 +0000},
	date-modified = {2014-02-17 18:36:40 +0000},
	editor = {Mille, A. and Gandon, F. L. and Misselis, J. and Rabinovich, M. and Staab, S.},
	publisher = {{ACM Press, New York, USA}},
	title = {{Proc. 21st International Conference on World Wide Web (WWW 2012)}},
	year = {2012}}

@proceedings{zz-PROMISE-Winter-School-2013,
	booktitle = {{Bridging Between Information Retrieval and Databases - PROMISE Winter School 2013, Revised Tutorial Lectures}},
	date-added = {2014-02-02 19:28:51 +0000},
	date-modified = {2014-02-02 19:32:13 +0000},
	editor = {Ferro, N.},
	publisher = {{Lecture Notes in Computer Science (LNCS) 8173, Springer, Heidelberg, Germany}},
	title = {{Bridging Between Information Retrieval and Databases - PROMISE Winter School 2013, Revised Tutorial Lectures}},
	year = {2014}}

@proceedings{zz-CIKM2012,
	booktitle = {{Proc. 21st International Conference on Information and Knowledge Management (CIKM 2012)}},
	date-added = {2014-01-27 11:48:52 +0000},
	date-modified = {2014-01-27 11:50:42 +0000},
	editor = {Chen, X. and Lebanon, G. and Wang, H. and Zaki, M. J.},
	publisher = {{ACM Press, New York, USA}},
	title = {{Proc. 21st International Conference on Information and Knowledge Management (CIKM 2012)}},
	year = {2012}}

@proceedings{zz-CIKM2020,
	booktitle = {{Proc. 29th International Conference on Information and Knowledge Management (CIKM 2020)}},
	date-added = {2014-01-26 08:42:20 +0000},
	date-modified = {2021-03-15 08:24:52 +0100},
	editor = {d'Aquin, M. and Dietze, S. and Hauff, C. and Curry, E. and Cudre Mauroux, P.},
	publisher = {{ACM Press, New York, USA}},
	title = {{Proc. 29th International Conference on Information and Knowledge Management (CIKM 2020)}},
	year = {2020}}

@proceedings{zz-WSDM2013,
	booktitle = {{Proc. 6th ACM International Conference on Web Searching and Data Mining (WSDM 2013)}},
	date-added = {2014-01-01 10:44:27 +0000},
	date-modified = {2014-01-01 10:45:31 +0000},
	editor = {Leonardi, S. and Panconesi, A. and Ferragina, P. and Gionis, A.},
	publisher = {{ACM Press, New York, USA}},
	title = {{Proc. 6th ACM International Conference on Web Searching and Data Mining (WSDM 2013)}},
	year = {2013}}

@proceedings{zz-WSDM2012,
	booktitle = {{Proc. 5th ACM International Conference on Web Searching and Data Mining (WSDM 2012)}},
	date-added = {2014-01-01 10:39:23 +0000},
	date-modified = {2014-01-01 10:44:22 +0000},
	editor = {Adar, E. and Teevan, J. and Agichtein, E. and Maarek, Y.},
	publisher = {{ACM Press, New York, USA}},
	title = {{Proc. 5th ACM International Conference on Web Searching and Data Mining (WSDM 2012)}},
	year = {2012}}

@proceedings{zz-WSDM2011,
	booktitle = {{Proc. 4th ACM International Conference on Web Searching and Data Mining (WSDM 2011)}},
	date-added = {2013-12-17 18:14:31 +0000},
	date-modified = {2013-12-17 18:16:06 +0000},
	editor = {King, I. and Nejdl, W. and Li, H.},
	publisher = {{ACM Press, New York, USA}},
	title = {{Proc. 4th ACM International Conference on Web Searching and Data Mining (WSDM 2011)}},
	year = {2011}}

@proceedings{zz-SIGIR2013,
	booktitle = {{Proc. 36th Annual International ACM SIGIR Conference on Research and Development in Information Retrieval (SIGIR 2013)}},
	date-added = {2013-12-17 18:12:32 +0000},
	date-modified = {2013-12-17 18:13:59 +0000},
	editor = {Jones, G. J. F. and Sheridan, P. and Kelly, D. and de Rijke, M. and Sakai, T.},
	publisher = {{ACM Press, New York, USA}},
	title = {{Proc. 36th Annual International ACM SIGIR Conference on Research and Development in Information Retrieval (SIGIR 2013)}},
	year = {2013}}

@proceedings{zz-SIGIR2012,
	booktitle = {{Proc. 35th Annual International ACM SIGIR Conference on Research and Development in Information Retrieval (SIGIR 2012)}},
	date-added = {2013-12-17 18:10:56 +0000},
	date-modified = {2013-12-17 18:12:26 +0000},
	editor = {Hersh, W. and Callan, J. and Maarek, Y. and Sanderson, M.},
	publisher = {{ACM Press, New York, USA}},
	title = {{Proc. 35th Annual International ACM SIGIR Conference on Research and Development in Information Retrieval (SIGIR 2012)}},
	year = {2012}}

@proceedings{zz-RuthvenKelly2011-editor,
	annote = {LabBD},
	booktitle = {{Interactive Information Seeking, Behaviour and Retrieval}},
	date-added = {2013-08-15 13:11:21 +0000},
	date-modified = {2013-08-15 13:17:01 +0000},
	editor = {Ruthven, I. and Kelly, D.},
	publisher = {{Facet Publishing, UK}},
	title = {{Interactive Information Seeking, Behaviour and Retrieval}},
	year = {2011}}

@proceedings{zz-CLEF2013Proc,
	booktitle = {{Information Access Evaluation meets Multilinguality, Multimodality, and Visualization. Proceedings of the Fourth International Conference of the CLEF Initiative (CLEF 2013)}},
	date-added = {2013-06-18 12:19:58 +0000},
	date-modified = {2013-09-11 14:43:31 +0000},
	editor = {Forner, P. and M\"{u}ller, H. and Paredes, R. and Rosso, P. and Stein, B.},
	publisher = {{Lecture Notes in Computer Science (LNCS) 8138, Springer, Heidelberg, Germany}},
	title = {{Information Access Evaluation meets Multilinguality, Multimodality, and Visualization. Proceedings of the Fourth International Conference of the CLEF Initiative (CLEF 2013)}},
	year = {2013}}

@proceedings{zz-SEBD2013,
	booktitle = {{Proc. 21st Italian Symposium on Advanced Database Systems (SEBD 2013)}},
	date-added = {2013-05-24 22:06:31 +0000},
	date-modified = {2013-07-01 09:54:13 +0000},
	editor = {Buccafurri, F. and Sacc{\`a}, D.},
	title = {{Proc. 21st Italian Symposium on Advanced Database Systems (SEBD 2013)}},
	year = {2013}}

@proceedings{zz-IIR2013,
	booktitle = {{Proc. 4th Italian Information Retrieval Workshop (IIR 2013) \url{http://ceur-ws.org/Vol-964/}}},
	date-added = {2013-05-24 15:59:01 +0000},
	date-modified = {2013-05-24 16:01:31 +0000},
	editor = {Basili, R. and Sebastiani, F. and Semeraro, G.},
	title = {{Proc. 4th Italian Information Retrieval Workshop (IIR 2013) \url{http://ceur-ws.org/Vol-964/}}},
	year = {2013}}

@proceedings{zz-TPDL2013,
	booktitle = {{Proc. 17th International Conference on Theory and Practice of Digital Libraries (TPDL 2013)}},
	date-added = {2013-05-24 15:50:00 +0000},
	date-modified = {2013-09-11 14:15:36 +0000},
	editor = {Aalberg, T. and Papatheodorou, C. and Dobreva, M. and Tsakonas, G. and Farrugia, C. J.},
	publisher = {{Lecture Notes in Computer Science (LNCS) 8092, Springer, Heidelberg, Germany}},
	title = {{Proc. 17th International Conference on Theory and Practice of Digital Libraries (TPDL 2013)}},
	year = {2013}}

@proceedings{zz-SIGIR1986,
	booktitle = {{Proc. 9th Annual International ACM SIGIR Conference on Research and Development in Information Retrieval (SIGIR 1986)}},
	date-added = {2013-05-13 11:27:03 +0000},
	date-modified = {2013-05-13 11:27:03 +0000},
	editor = {Rabitti, F.},
	publisher = {{ACM Press, New York, USA}},
	title = {{Proc. 9th Annual International ACM SIGIR Conference on Research and Development in Information Retrieval (SIGIR 1986)}},
	year = {1986}}

@proceedings{zz-PROMISE-Winter-School-2012,
	booktitle = {{Information Retrieval Meets Information Visualization -- PROMISE Winter School 2012, Revised Tutorial Lectures}},
	date-added = {2013-01-30 16:08:04 +0000},
	date-modified = {2013-01-30 16:10:01 +0000},
	editor = {Agosti, M. and Ferro, N. and Forner, P. and M{\"u}ller, H. and Santucci, G.},
	publisher = {{Lecture Notes in Computer Science (LNCS) 7757, Springer, Heidelberg, Germany}},
	title = {{Information Retrieval Meets Information Visualization -- PROMISE Winter School 2012, Revised Tutorial Lectures}},
	year = {2013}}

@proceedings{zz-IRCDL2014,
	booktitle = {{Proc. 10th Italian Research Conference on Digital Libraries (IRCDL 2014)}},
	date-added = {2013-01-05 17:13:19 +0000},
	date-modified = {2015-06-26 16:41:17 +0000},
	editor = {Agosti, M. and Catarci, T. and Esposito, F.},
	publisher = {{Procedia Computer Science, Vol. 38}},
	title = {{Proc. 10th Italian Research Conference on Digital Libraries (IRCDL 2014)}},
	year = {2014}}

@proceedings{zz-NTCIR9,
	booktitle = {{Proc. 9th NTCIR Workshop Meeting on Evaluation of Information Access Technologies: Information Retrieval, Question Answering and Cross-Lingual Information Access}},
	date-added = {2012-11-09 05:32:01 +0000},
	date-modified = {2012-11-09 05:33:29 +0000},
	editor = {Kando, N. and Ishikawa, D. and Sugimoto, M.},
	publisher = {{National Institute of Informatics, Tokyo, Japan}},
	title = {{Proc. 9th NTCIR Workshop Meeting on Evaluation of Information Access Technologies: Information Retrieval, Question Answering and Cross-Lingual Information Access}},
	year = {2011}}

@proceedings{zz-TREC2011,
	booktitle = {{The Twentieth Text REtrieval Conference Proceedings (TREC 2011)}},
	date-added = {2012-11-09 05:27:35 +0000},
	date-modified = {2016-06-29 14:07:06 +0000},
	editor = {Voorhees, E. M. and Buckland, L. P.},
	publisher = {{National Institute of Standards and Technology (NIST), Special Publication 500-295, Washington, USA}},
	title = {{The Twentieth Text REtrieval Conference Proceedings (TREC 2011)}},
	year = {2012}}

@proceedings{zz-TREC2010,
	booktitle = {{The Nineteenth Text REtrieval Conference Proceedings (TREC 2010)}},
	date-added = {2012-11-09 05:26:37 +0000},
	date-modified = {2016-06-29 14:07:03 +0000},
	editor = {Voorhees, E. M. and Buckland, L. P.},
	publisher = {{National Institute of Standards and Technology (NIST), Special Publication 500-294, Washington, USA}},
	title = {{The Nineteenth Text REtrieval Conference Proceedings (TREC 2010)}},
	year = {2011}}

@proceedings{zz-TREC2009,
	booktitle = {{The Eighteenth Text REtrieval Conference Proceedings (TREC 2009)}},
	date-added = {2012-11-09 05:23:23 +0000},
	date-modified = {2016-06-29 14:07:00 +0000},
	editor = {Voorhees, E. M. and Buckland, L. P.},
	publisher = {{National Institute of Standards and Technology (NIST), Special Publication 500-278, Washington, USA}},
	title = {{The Eighteenth Text REtrieval Conference Proceedings (TREC 2009)}},
	year = {2010}}

@proceedings{zz-TREC2008,
	booktitle = {{The Seventeenth Text REtrieval Conference Proceedings (TREC 2008)}},
	date-added = {2012-11-09 05:21:32 +0000},
	date-modified = {2016-06-29 14:06:57 +0000},
	editor = {Voorhees, E. M. and Buckland, L. P.},
	publisher = {{National Institute of Standards and Technology (NIST), Special Publication 500-277, Washington, USA}},
	title = {{The Seventeenth Text REtrieval Conference Proceedings (TREC 2008)}},
	year = {2009}}

@proceedings{zz-CLEF2012Proc,
	booktitle = {{Information Access Evaluation. Multilinguality, Multimodality, and Visual Analytics. Proceedings of the Third International Conference of the CLEF Initiative (CLEF 2012)}},
	date-added = {2012-09-10 16:06:58 +0000},
	date-modified = {2012-09-10 16:06:58 +0000},
	editor = {Catarci, T. and Forner, P. and Hiemstra, D. and Pe{\~n}as, A. and Santucci, G.},
	publisher = {{Lecture Notes in Computer Science (LNCS) 7488, Springer, Heidelberg, Germany}},
	title = {{Information Access Evaluation. Multilinguality, Multimodality, and Visual Analytics. Proceedings of the Third International Conference of the CLEF Initiative (CLEF 2012)}},
	year = {2012}}

@proceedings{zz-ECIR2011,
	booktitle = {{Advances in Information Retrieval. Proc. 33rd European Conference on IR Research (ECIR 2011)}},
	date-added = {2012-09-10 15:02:34 +0000},
	date-modified = {2012-09-10 15:04:07 +0000},
	editor = {Clough, P. and Foley, C. and Gurrin, C. and Jones, G. J. F. and Kraaij, W. and Lee, H. and Mudoch, V.},
	publisher = {{Lecture Notes in Computer Science (LNCS) 6611, Springer, Heidelberg, Germany}},
	title = {{Advances in Information Retrieval. Proc. 33rd European Conference on IR Research (ECIR 2011)}},
	year = {2011}}

@proceedings{zz-IRCDL2012,
	booktitle = {{Digital Libraries and Archives - Proc. 8th Italian Research Conference (IRCDL 2012)}},
	date-added = {2012-06-14 10:36:15 +0000},
	date-modified = {2013-01-05 17:13:09 +0000},
	editor = {Agosti, M. and Esposito, F. and Ferilli, S. and Ferro, N.},
	publisher = {{Communications in Computer and Information Science (CCIS) 354, Springer, Heidelberg, Germany}},
	title = {{Digital Libraries and Archives - Proc. 8th Italian Research Conference (IRCDL 2012)}},
	year = {2013}}

@proceedings{zz-SEBD2012,
	booktitle = {{Proc. 20th Italian Symposium on Advanced Database Systems (SEBD 2012)}},
	date-added = {2012-06-14 10:33:49 +0000},
	date-modified = {2012-06-14 10:34:15 +0000},
	editor = {Ferro, N. and Tanca, L.},
	publisher = {{Edizioni Libreria Progetto, Padova, Italy}},
	title = {{Proc. 20th Italian Symposium on Advanced Database Systems (SEBD 2012)}},
	year = {2012}}

@proceedings{zz-WWW2003,
	booktitle = {{Proc. 12th International Conference on World Wide Web (WWW 2003)}},
	date-added = {2012-06-14 10:25:01 +0000},
	date-modified = {2012-06-14 10:25:01 +0000},
	editor = {Hencsey, G. and White, B. and Robin Chen, Y.-F. and Kov{\'a}cs, L. and Lawrence, S.},
	publisher = {{ACM Press, New York, USA}},
	title = {{Proc. 12th International Conference on World Wide Web (WWW 2003)}},
	year = {2003}}

@proceedings{zz-Colis2,
	booktitle = {{Proc. 2nd International Conference on Conceptions of Library and Information Science -- Integration in Perspective (CoLIS 2)}},
	date-added = {2012-04-15 17:36:50 +0200},
	date-modified = {2012-04-15 17:46:30 +0200},
	editor = {Ingwersen, P. and Pors, N. O.},
	publisher = {{Royal School of Librarianship, Copenaghen, Denmark}},
	title = {{Proc. 2nd International Conference on Conceptions of Library and Information Science -- Integration in Perspective (CoLIS 2)}},
	year = {1996}}

@proceedings{zz-SIGIR2010,
	booktitle = {{Proc. 33rd Annual International ACM SIGIR Conference on Research and Development in Information Retrieval (SIGIR 2010)}},
	date-added = {2011-12-30 15:48:17 +0100},
	date-modified = {2011-12-30 15:48:17 +0100},
	editor = {Crestani, F. and Marchand-Maillet, S. and Efthimiadis, E. N. and Savoy, J.},
	publisher = {{ACM Press, New York, USA}},
	title = {{Proc. 33rd Annual International ACM SIGIR Conference on Research and Development in Information Retrieval (SIGIR 2010)}},
	year = {2010}}

@proceedings{zz-CIKM2011,
	booktitle = {{Proc. 20th International Conference on Information and Knowledge Management (CIKM 2011)}},
	date-added = {2011-11-01 10:16:55 +0100},
	date-modified = {2014-01-27 11:49:27 +0000},
	editor = {Ounis, I. and Ruthven, I. and Berendt, B. and de Vries, A. P. and Wenfei, F.},
	publisher = {{ACM Press, New York, USA}},
	title = {{Proc. 20th International Conference on Information and Knowledge Management (CIKM 2011)}},
	year = {2011}}

@proceedings{zz-EVIA2007,
	booktitle = {{Proc. 1st International Workshop on Evaluating Information Access (EVIA 2007)}},
	date-added = {2011-11-01 10:03:55 +0100},
	date-modified = {2016-11-07 08:12:14 +0000},
	editor = {Sakai, T. and Sanderson, M. and Evans, D. K.},
	publisher = {{National Institute of Informatics, Tokyo, Japan}},
	title = {{Proc. 1st International Workshop on Evaluating Information Access (EVIA 2007)}},
	year = {2007}}

@proceedings{zz-ER1980,
	booktitle = {{Proc. 1st International Conference on the Entity-Relationship Approach to Systems Analysis and Design (ER 1980)}},
	date-added = {2011-10-26 13:22:30 +0200},
	date-modified = {2011-10-26 13:28:27 +0200},
	editor = {Chen, P. P.},
	publisher = {{North-Holland Publishing Co. Amsterdam, The Netherlands}},
	title = {{Proc. 1st International Conference on the Entity-Relationship Approach to Systems Analysis and Design (ER 1980)}},
	year = {1980}}

@proceedings{zz-CLEF2011Proc,
	booktitle = {{Multilingual and Multimodal Information Access Evaluation. Proceedings of the Second International Conference of the Cross-Language Evaluation Forum (CLEF 2011)}},
	date-added = {2011-10-22 19:36:39 +0200},
	date-modified = {2011-12-30 14:39:43 +0100},
	editor = {Forner, P. and Gonzalo, J. and Kek\"{a}l\"{a}inen, J. and Lalmas, M. and de Rijke, M.},
	publisher = {{Lecture Notes in Computer Science (LNCS) 6941, Springer, Heidelberg, Germany}},
	title = {{Multilingual and Multimodal Information Access Evaluation. Proceedings of the Second International Conference of the Cross-Language Evaluation Forum (CLEF 2011)}},
	year = {2011}}

@proceedings{zz-SEBD2011,
	booktitle = {{Proc. 19th Italian Symposium on Advanced Database Systems (SEBD 2011)}},
	date-added = {2011-06-01 16:28:44 +0200},
	date-modified = {2011-10-22 15:07:58 +0200},
	editor = {Mecca, G. and Greco, S.},
	publisher = {{Universit{\`a} della Basilicata, Italy}},
	title = {{Proc. 19th Italian Symposium on Advanced Database Systems (SEBD 2011)}},
	year = {2011}}

@proceedings{zz-IRCDL2011,
	booktitle = {{Digital Libraries and Archives - Proc. 7th Italian Research Conference (IRCDL 2011)}},
	date-added = {2011-03-10 09:55:12 +0100},
	date-modified = {2012-02-27 19:00:09 +0100},
	editor = {Agosti, M. and Esposito, F. and Meghini, C. and Orio, N.},
	publisher = {{Communications in Computer and Information Science (CCIS) 249, Springer, Heidelberg, Germany}},
	title = {{Digital Libraries and Archives - Proc. 7th Italian Research Conference (IRCDL 2011)}},
	year = {2011}}

@proceedings{zz-SIGIR1993,
	booktitle = {{Proc. 16th Annual International ACM SIGIR Conference on Research and Development in Information Retrieval (SIGIR 1993)}},
	date-added = {2011-03-09 09:22:18 +0100},
	date-modified = {2011-03-09 09:22:18 +0100},
	editor = {Korfhage, R. and Rasmussen, E. and Willett, P.},
	publisher = {{ACM Press, New York, USA}},
	title = {{Proc. 16th Annual International ACM SIGIR Conference on Research and Development in Information Retrieval (SIGIR 1993)}},
	year = {1993}}

@proceedings{zz-SIGIR2011,
	booktitle = {{Proc. 34th Annual International ACM SIGIR Conference on Research and Development in Information Retrieval (SIGIR 2011)}},
	date-added = {2011-02-16 09:05:48 +0100},
	date-modified = {2011-12-30 15:50:35 +0100},
	editor = {Ma, W.-Y. and Nie, J.-Y. and Baeza-Yaetes, R. and Chua, T.-S. and Croft, W. B.},
	publisher = {{ACM Press, New York, USA}},
	title = {{Proc. 34th Annual International ACM SIGIR Conference on Research and Development in Information Retrieval (SIGIR 2011)}},
	year = {2011}}

@proceedings{zz-SIGIR2009,
	booktitle = {{Proc. 32nd Annual International ACM SIGIR Conference on Research and Development in Information Retrieval (SIGIR 2009)}},
	date-added = {2011-02-16 09:02:17 +0100},
	date-modified = {2011-02-16 09:05:43 +0100},
	editor = {Allan, J. and Aslam, J. A. and Sanderson, M. and Zhai, C. and Zobel, J.},
	publisher = {{ACM Press, New York, USA}},
	title = {{Proc. 32nd Annual International ACM SIGIR Conference on Research and Development in Information Retrieval (SIGIR 2009)}},
	year = {2009}}

@proceedings{zz-BibaXhafa2011-Editor,
	annote = {LabBD},
	booktitle = {{Learning Structure and Schemas from Documents}},
	date-added = {2011-01-04 16:45:13 +0100},
	date-modified = {2011-01-04 16:48:00 +0100},
	editor = {Biba, M. and Xhafa, F.},
	publisher = {{Springer-Verlag, Heidelberg, Germany}},
	title = {{Learning Structure and Schemas from Documents}},
	year = {2011}}

@proceedings{zz-CLEF2010Proc,
	booktitle = {{Multilingual and Multimodal Information Access Evaluation. Proceedings of the International Conference of the Cross-Language Evaluation Forum (CLEF 2010)}},
	date-added = {2010-11-04 09:06:24 +0100},
	date-modified = {2010-11-04 09:13:59 +0100},
	editor = {Agosti, M. and Ferro, N. and Peters, C. and de Rijke, M. and Smeaton, A.},
	publisher = {{Lecture Notes in Computer Science (LNCS) 6360, Springer, Heidelberg, Germany}},
	title = {{Multilingual and Multimodal Information Access Evaluation. Proceedings of the International Conference of the Cross-Language Evaluation Forum (CLEF 2010)}},
	year = {2010}}

@proceedings{zz-IV2006,
	booktitle = {{Proc. of the 10th International Conference on Information Visualization (IV 2006)}},
	date-added = {2010-05-14 22:57:55 +0200},
	date-modified = {2010-05-14 23:04:37 +0200},
	editor = {Banissi, E.},
	publisher = {{IEEE Computer Society, Los Alamitos, CA, USA}},
	title = {{Proc. of the 10th International Conference on Information Visualization (IV 2006)}},
	year = {2006}}

@proceedings{zz-HarmanVoorhees2005-editor,
	annote = {LabBD},
	booktitle = {{TREC. Experiment and Evaluation in Information Retrieval}},
	date-added = {2010-05-11 12:36:23 +0200},
	date-modified = {2010-05-11 12:36:32 +0200},
	editor = {Harman, D. K. and Voorhees, E. M.},
	publisher = {{MIT Press, Cambridge (MA), USA}},
	title = {{TREC. Experiment and Evaluation in Information Retrieval}},
	year = {2005}}

@proceedings{zz-SEBD2010,
	booktitle = {{Proc. 18th Italian Symposium on Advanced Database Systems (SEBD 2010)}},
	date-added = {2010-05-04 08:24:28 +0200},
	date-modified = {2011-01-04 22:27:26 +0100},
	editor = {Martoglia, R. and Bergamaschi, S. and Lodi, S. and Sartori, C.},
	publisher = {Societ\`a Editrice Esculapio, Bologna, Italy},
	title = {{Proc. 18th Italian Symposium on Advanced Database Systems (SEBD 2010)}},
	year = {2010}}

@proceedings{zz-CLEF2009ProcVolI,
	booktitle = {{Multilingual Information Access Evaluation Vol. I Text Retrieval Experiments -- Tenth Workshop of the Cross--Language Evaluation Forum (CLEF 2009). Revised Selected Papers}},
	date-added = {2010-05-03 14:34:50 +0200},
	date-modified = {2010-12-02 13:18:59 +0100},
	editor = {Peters, C. and Di Nunzio, G. M. and Kurimo, M. and Mandl, T. and Mostefa, D. and Pe{\~n}as, A. and Roda, G.},
	publisher = {{Lecture Notes in Computer Science (LNCS) 6241, Springer, Heidelberg, Germany}},
	title = {{Multilingual Information Access Evaluation Vol. I Text Retrieval Experiments -- Tenth Workshop of the Cross--Language Evaluation Forum (CLEF 2009). Revised Selected Papers}},
	year = {2010}}

@proceedings{zz-NTCIR8,
	booktitle = {{Proc. 8th NTCIR Workshop Meeting on Evaluation of Information Access Technologies: Information Retrieval, Question Answering and Cross-Lingual Information Access}},
	date-added = {2010-05-03 13:05:47 +0200},
	date-modified = {2010-06-15 10:37:11 +0200},
	editor = {Kando, N. and Kishida, K.},
	publisher = {{National Institute of Informatics, Tokyo, Japan}},
	title = {{Proc. 8th NTCIR Workshop Meeting on Evaluation of Information Access Technologies: Information Retrieval, Question Answering and Cross-Lingual Information Access}},
	year = {2010}}

@proceedings{zz-CLEF2009ProcVolII,
	booktitle = {{Multilingual Information Access Evaluation Vol. II Multimedia Experiments -- Tenth Workshop of the Cross--Language Evaluation Forum (CLEF 2009). Revised Selected Papers}},
	date-added = {2010-05-03 12:54:46 +0200},
	date-modified = {2010-05-03 14:36:33 +0200},
	editor = {Peters, C. and Tsikrika, T. and M{\"u}ller, H. and Kalpathy-Cramer, J. and Jones, G. J. F. and Gonzalo, J. and Caputo, B.},
	publisher = {{Lecture Notes in Computer Science (LNCS), Springer, Heidelberg, Germany}},
	title = {{Multilingual Information Access Evaluation Vol. II Multimedia Experiments -- Tenth Workshop of the Cross--Language Evaluation Forum (CLEF 2009). Revised Selected Papers}},
	year = {2010}}

@proceedings{zz-EVIA2010,
	booktitle = {{Proc. 3rd International Workshop on Evaluating Information Access (EVIA 2010)}},
	date-added = {2010-04-26 08:41:39 +0200},
	date-modified = {2015-05-27 17:35:28 +0000},
	editor = {Sakai, T. and Sanderson, M. and Webber, W.},
	publisher = {{National Institute of Informatics, Tokyo, Japan}},
	title = {{Proc. 3rd International Workshop on Evaluating Information Access (EVIA 2010)}},
	year = {2010}}

@proceedings{zz-IglezakisEtAl2010-editor,
	annote = {LabBD},
	booktitle = {{E-Publishing and Digital Libraries: Legal and Organizational Issues}},
	date-added = {2010-04-13 08:15:41 +0200},
	date-modified = {2010-12-16 00:00:48 +0100},
	editor = {Iglezakis, I. and Synodinou, T.-E. and Kapidakis, S.},
	publisher = {{IGI Global, USA}},
	title = {{E-Publishing and Digital Libraries: Legal and Organizational Issues}},
	year = {2010}}

@proceedings{zz-WI2009,
	booktitle = {{Proc. 2009 IEEE/WIC/ACM International Joint Conference on Web Intelligence and Intelligent Agent Technology}},
	date-added = {2010-02-09 17:34:03 +0100},
	date-modified = {2010-02-09 17:40:37 +0100},
	editor = {Baeza-Yates, R. and Berendt, B. and Bertino, E. and Lim, E.-P. and Pasi, G.},
	publisher = {{IEEE Computer Society, Los Alamitos, CA, USA}},
	title = {{Proc. 2009 IEEE/WIC/ACM International Joint Conference on Web Intelligence and Intelligent Agent Technology}},
	year = {2009}}

@proceedings{zz-CHONLINE2009,
	booktitle = {{International Conference on Cultural Heritage Online - Empowering Users: an Active Role for User Communities}},
	date-added = {2010-02-09 17:31:26 +0100},
	date-modified = {2010-02-25 08:50:59 +0100},
	editor = {Cirinn{\`a}, C. and Lunghi, M.},
	publisher = {{Fondazione Rinascimento Digitale, Firenze, Italy}},
	title = {{International Conference on Cultural Heritage Online - Empowering Users: an Active Role for User Communities}},
	year = {2009}}

@proceedings{zz-IRCDL2010,
	booktitle = {{Proc. 6h Italian Research Conference on Digital Libraries (IRCDL 2010)}},
	date-added = {2010-02-09 17:30:57 +0100},
	date-modified = {2016-11-24 16:55:19 +0000},
	editor = {Agosti, M. and Esposito, F. and Thanos, C.},
	publisher = {{Springer-Verlag, Heidelberg, Germany}},
	title = {{Proc. 6h Italian Research Conference on Digital Libraries (IRCDL 2010)}},
	year = {2010}}

@proceedings{zz-CIKM2009,
	booktitle = {{Proc. 18th International Conference on Information and Knowledge Management (CIKM 2009)}},
	date-added = {2009-09-03 13:45:29 +0200},
	date-modified = {2012-09-10 14:50:41 +0000},
	editor = {Cheung, D. W.-L. and Song, I.-Y. and Chu, W. W. and Hu, X. and Lin, J. J.},
	publisher = {{ACM Press, New York, USA}},
	title = {{Proc. 18th International Conference on Information and Knowledge Management (CIKM 2009)}},
	year = {2009}}

@proceedings{zz-DIR2009,
	booktitle = {{Proc. 9th Dutch-Belgian Information Retrieval Workshop (DIR 2009)}},
	date-added = {2009-09-03 13:39:47 +0200},
	date-modified = {2009-09-03 13:47:40 +0200},
	editor = {Aly, R. and Hauff, C. and den Hamer, I. and Hiemstra, D. and Huibers, T. and de Jong, F.},
	publisher = {{Enschede, University of Twente, Centre for Telematics and Information Technology}},
	title = {{Proc. 9th Dutch-Belgian Information Retrieval Workshop (DIR 2009)}},
	year = {2009}}

@proceedings{zz-ECDL2008,
	booktitle = {{Proc. 12th European Conference on Research and Advanced Technology for Digital Libraries (ECDL 2008)}},
	date-added = {2009-05-13 12:26:09 +0200},
	date-modified = {2009-05-13 12:26:09 +0200},
	editor = {Christensen-Dalsgaard, B. and Castelli, D. and Lippincott, J. K. and Ammitzb{\o}ll Jurik, B.},
	publisher = {{Lecture Notes in Computer Science (LNCS) 5173, Springer, Heidelberg, Germany}},
	title = {{Proc. 12th European Conference on Research and Advanced Technology for Digital Libraries (ECDL 2008)}},
	year = {2008}}

@proceedings{zz-SEBD2008,
	booktitle = {{Proc. 16th Italian Symposium on Advanced Database Systems (SEBD 2008)}},
	date-added = {2009-05-13 12:18:57 +0200},
	date-modified = {2009-05-13 12:18:57 +0200},
	editor = {Gaglio, S. and Infantino, I. and Sacc{\`a}, D.},
	publisher = {{Fotograf, Palermo, Italy}},
	title = {{Proc. 16th Italian Symposium on Advanced Database Systems (SEBD 2008)}},
	year = {2008}}

@proceedings{zz-itAIS2007,
	booktitle = {{Proc. 4th Conference of the Italian Chapter of AIS -- The Interdisciplinary Aspects of Information Systems Studies (itAIS 2007)}},
	date-added = {2009-03-07 10:41:41 +0100},
	date-modified = {2010-06-11 10:29:13 +0200},
	editor = {D'Atri, A. and De Marco, M. and Casalino, N.},
	publisher = {{Physica-Verlag, Heidelberg, Germany}},
	title = {{Proc. 4th Conference of the Italian Chapter of AIS -- The Interdisciplinary Aspects of Information Systems Studies (itAIS 2007)}},
	year = {2008}}

@proceedings{zz-CLEF2007Proc,
	booktitle = {{Advances in Multilingual and Multimodal Information Retrieval: Eighth Workshop of the Cross--Language Evaluation Forum (CLEF 2007). Revised Selected Papers}},
	date-added = {2009-02-08 12:00:24 +0100},
	date-modified = {2009-02-08 12:00:24 +0100},
	editor = {Peters, C. and Jijkoun, V. and Mandl, T. and M{\"u}ller, H. and Oard, D. W. and Pe{\~n}as, A. and Petras, V. and Santos, D.},
	publisher = {{Lecture Notes in Computer Science (LNCS) 5152, Springer, Heidelberg, Germany}},
	title = {{Advances in Multilingual and Multimodal Information Retrieval: Eighth Workshop of the Cross--Language Evaluation Forum (CLEF 2007). Revised Selected Papers}},
	year = {2008}}

@inproceedings{zz-FerroSilvello2016-Editor,
	annote = {LabBD},
	booktitle = {{IEEE TCDL Special Issue on Data Citation}},
	date-added = {2009-02-08 11:34:34 +0100},
	date-modified = {2016-07-12 10:57:31 +0000},
	editor = {Silvello, G. and Ferro, N.},
	publisher = {{\url{http://www.ieee-tcdl.org/Bulletin/v12n1/}}},
	series = {{Bulletin of IEEE Technical Committee on Digital Libraries (IEEE-TCDL), Volume 12, Number 1}},
	year = {2016}}

@proceedings{zz-IRCDL2008,
	booktitle = {{Post-proceedings of the Fourth Italian Research Conference on Digital Library Systems (IRCDL 2008)}},
	date-added = {2009-02-08 11:14:20 +0100},
	date-modified = {2009-02-08 11:14:20 +0100},
	editor = {Agosti, M. and Esposito, F. and Thanos, C.},
	publisher = {{ISTI-CNR at Gruppo ALI, Pisa, Italy}},
	title = {{Post-proceedings of the Fourth Italian Research Conference on Digital Library Systems (IRCDL 2008)}},
	year = {2008}}

@proceedings{zz-NTCIR6,
	booktitle = {{Proc. 6th NTCIR Workshop Meeting on Evaluation of Information Access Technologies: Information Retrieval, Question Answering and Cross-Lingual Information Access}},
	date-added = {2008-12-16 03:19:03 +0100},
	date-modified = {2008-12-16 03:19:03 +0100},
	editor = {Kando, N. and Evans, D. K.},
	publisher = {{National Institute of Informatics, Tokyo, Japan}},
	title = {{Proc. 6th NTCIR Workshop Meeting on Evaluation of Information Access Technologies: Information Retrieval, Question Answering and Cross-Lingual Information Access}},
	year = {2007}}

@proceedings{zz-SAC1993,
	booktitle = {{Proc. 1993 ACM/SIGAPP Symposium on Applied Computing (SAC 1993)}},
	date-added = {2008-10-19 11:46:59 +0200},
	date-modified = {2008-10-19 11:46:59 +0200},
	editor = {Deaton, E. and George, K. M. and Berghel, H. and Hedrick, G.},
	publisher = {{ACM Press, New York, USA}},
	title = {{Proc. 1993 ACM/SIGAPP Symposium on Applied Computing (SAC 1993)}},
	year = {1993}}

@proceedings{zz-SIGIR2007,
	booktitle = {{Proc. 30th Annual International ACM SIGIR Conference on Research and Development in Information Retrieval (SIGIR 2007)}},
	date-added = {2008-09-01 05:30:52 +0200},
	date-modified = {2008-09-01 05:30:52 +0200},
	editor = {Kraaij, W. and de Vries, A. P. and Clarke, C. L. A. and Fuhr, N. and Kando, N.},
	publisher = {{ACM Press, New York, USA}},
	title = {{Proc. 30th Annual International ACM SIGIR Conference on Research and Development in Information Retrieval (SIGIR 2007)}},
	year = {2007}}

@proceedings{zz-AgostiSmeaton1996-editor,
	annote = {LabBD},
	booktitle = {{Information Retrieval and Hypertext}},
	date-added = {2008-08-15 11:49:06 +0200},
	date-modified = {2008-08-15 11:49:06 +0200},
	editor = {Agosti, M. and Smeaton, A.},
	publisher = {{Kluwer Academic Publishers, Norwell (MA), USA}},
	title = {{Information Retrieval and Hypertext}},
	year = {1996}}

@proceedings{zz-CLEF2006Proc,
	booktitle = {{Evaluation of Multilingual and Multi-modal Information Retrieval : Seventh Workshop of the Cross--Language Evaluation Forum (CLEF 2006). Revised Selected Papers}},
	date-added = {2008-07-08 20:02:38 +0200},
	date-modified = {2008-07-08 20:05:16 +0200},
	editor = {Peters, C. and Clough, P. and Gey, F. C. and Karlgren, J. and Magnini, B. and Oard, D. W. and de Rijke, M. and Stempfhuber, M.},
	publisher = {{Lecture Notes in Computer Science (LNCS) 4730, Springer, Heidelberg, Germany}},
	title = {{Evaluation of Multilingual and Multi-modal Information Retrieval : Seventh Workshop of the Cross--Language Evaluation Forum (CLEF 2006). Revised Selected Papers}},
	year = {2007}}

@proceedings{zz-SEBD2007,
	booktitle = {{Proc. 15th Italian Symposium on Advanced Database Systems (SEBD 2007)}},
	date-added = {2008-07-08 17:10:32 +0200},
	date-modified = {2008-07-08 17:10:32 +0200},
	editor = {Ceci, M. and Malerba, D. and Tanca, L.},
	publisher = {{Sagraf srl, Z.I. Capurso, Bari, Italia, \url{http://www.di.uniba.it/~malerba/activities/SEBD/ProceedingsSEBD2007.pdf} [last visited 2007, August 20]}},
	title = {{Proc. 15th Italian Symposium on Advanced Database Systems (SEBD 2007)}},
	year = {2007}}

@proceedings{zz-ECDL2009,
	booktitle = {{Proc. 13th European Conference on Research and Advanced Technology for Digital Libraries (ECDL 2009)}},
	date-added = {2008-07-08 16:59:04 +0200},
	date-modified = {2010-02-15 19:47:56 +0100},
	editor = {Agosti, M. and Borbinha, J. and Kapidakis, S. and Papatheodorou, C. and Tsakonas, G.},
	publisher = {{Lecture Notes in Computer Science (LNCS) 5714, Springer, Heidelberg, Germany}},
	title = {{Proc. 13th European Conference on Research and Advanced Technology for Digital Libraries (ECDL 2009)}},
	year = {2009}}

@proceedings{zz-ECIR2007,
	booktitle = {{Advances in Information Retrieval. Proc. 29th European Conference on IR Research (ECIR 2007)}},
	date-added = {2008-07-08 16:37:56 +0200},
	date-modified = {2008-07-08 16:37:56 +0200},
	editor = {Amati, G. and Carpineto, C. and Romano, G.},
	publisher = {{Lecture Notes in Computer Science (LNCS) 4425, Springer, Heidelberg, Germany}},
	title = {{Advances in Information Retrieval. Proc. 29th European Conference on IR Research (ECIR 2007)}},
	year = {2007}}

@proceedings{zz-JCDL2007,
	booktitle = {{Proc. 7th ACM/IEEE-CS Joint Conference on Digital Libraries (JCDL 2007)}},
	date-added = {2008-07-08 16:36:20 +0200},
	date-modified = {2008-07-08 16:36:20 +0200},
	editor = {Rasmussen, E. and Larson, R. R. and Toms, E. and Sugimoto, S.},
	publisher = {{ACM Press, New York, USA}},
	title = {{Proc. 7th ACM/IEEE-CS Joint Conference on Digital Libraries (JCDL 2007)}},
	year = {2007}}

@proceedings{zz-TsakonasPapatheodorou2009-Editor,
	annote = {LabBD},
	booktitle = {{Evaluation of Digital Libraries: An insight into useful applications and methods}},
	date-modified = {2009-09-01 19:50:29 +0200},
	editor = {Tsakonas, G. and Papatheodorou, C.},
	publisher = {{Chandos Publishing, Oxford, UK}},
	title = {{Evaluation of Digital Libraries: An insight into useful applications and methods}},
	year = {2009}}

@proceedings{zz-AgostiCrestaniPasi2001-editor,
	annote = {LabBD},
	booktitle = {{Lectures on Information Retrieval -- Third European Summer-School, ESSIR 2000}},
	editor = {Agosti, M. and Crestani, F. and Pasi, G.},
	publisher = {{Lecture Notes in Computer Science (LNCS) 1980, Springer, Heidelberg, Germany}},
	title = {{Lectures on Information Retrieval -- Third European Summer-School, ESSIR 2000}},
	year = {2001}}

@proceedings{zz-FrakesBaezaYates1992-editor,
	annote = {LabBD},
	booktitle = {{Information Retrieval: Data Structures {\&} Algorithms}},
	date-modified = {2008-08-15 11:51:26 +0200},
	editor = {Frakes, W. B. and Baeza-Yaetes, R. A.},
	publisher = {{Prentice Hall, Englewood Cliffs (N.J), USA}},
	title = {{Information Retrieval: Data Structures {\&} Algorithms}},
	year = {1992}}

@proceedings{zz-AI*IA2007,
	booktitle = {{Proc. 10th Congress of the Italian Association for Artificial Intelligence. Artificial Intelligence and Human-Oriented Computing (AI*IA 2007)}},
	editor = {Basili, R. and Pazienza, M. T.},
	publisher = {{Lecture Notes in Artificial Intelligence (LNAI) 4733, Springer, Heidelberg, Germany}},
	title = {{Proc. 10th Congress of the Italian Association for Artificial Intelligence. Artificial Intelligence and Human-Oriented Computing (AI*IA 2007)}},
	year = {2007}}

@proceedings{zz-AIR2006,
	booktitle = {{First International Workshop on Adaptive Information Retrieval (AIR 2006)}},
	editor = {Joho, H. and Urban, J. and Villa, R. and Jose, J. M. and van Rijsbergen, C. J.},
	month = {October},
	publisher = {{\url{http://www.dcs.gla.ac.uk/workshops/air/air2006_program.pdf} [last visited 2007, March 23]}},
	title = {{First International Workshop on Adaptive Information Retrieval (AIR 2006)}},
	year = {2006}}

@proceedings{zz-AMIA1999Proc,
	booktitle = {{Proc. of the American Medical Informatics Association Annual Symposium (AMIA 1999)}},
	title = {{Proc. of the American Medical Informatics Association Annual Symposium (AMIA 1999)}},
	year = {1999}}

@proceedings{zz-AMIA2002Proc,
	booktitle = {{Proc. of the American Medical Informatics Association Annual Symposium (AMIA 2002)}},
	title = {{Proc. of the American Medical Informatics Association Annual Symposium (AMIA 2002)}},
	year = {2002}}

@proceedings{zz-AP2PC2003,
	booktitle = {{Proc. 2nd International Workshop on Agents and Peer-to-Peer Computing (AP2PC 2003). Revised and Invited Papers}},
	editor = {Moro, G. and Sartori, C. and Singh, M. P.},
	publisher = {{Lecture Notes in Computer Science (LNCS) 2872, Springer, Heidelberg, Germany}},
	title = {{Proc. 2nd International Workshop on Agents and Peer-to-Peer Computing (AP2PC 2003). Revised and Invited Papers}},
	year = {2004}}

@proceedings{zz-ASIAN2004,
	booktitle = {{Proc. 9th Asian Computing Science Conference -- Advances in Computer Science (ASIAN 2004) -- Higher Decision Making. Dedicated to Jean-Louis Lassez on the Occasion of His 5th Cycle Birthday}},
	editor = {Maher, M. J.},
	publisher = {{Lecture Notes in Computer Science (LNCS) 3321, Springer, Heidelberg, Germany}},
	title = {{Proc. 9th Asian Computing Science Conference -- Advances in Computer Science (ASIAN 2004) -- Higher Decision Making. Dedicated to Jean-Louis Lassez on the Occasion of His 5th Cycle Birthday}},
	year = {2004}}

@proceedings{zz-AVI2004,
	booktitle = {{Proc. Working Conference on Advanced Visual Interfaces (AVI 2004)}},
	editor = {Costabile, M. F.},
	publisher = {{ACM Press, New York, USA}},
	title = {{Proc. Working Conference on Advanced Visual Interfaces (AVI 2004)}},
	year = {2004}}

@proceedings{zz-AVI2006,
	booktitle = {{Proc. Working Conference on Advanced Visual Interfaces (AVI 2006)}},
	editor = {Celentano, A. and Mussio, P.},
	publisher = {{ACM Press, New York, USA}},
	title = {{Proc. Working Conference on Advanced Visual Interfaces (AVI 2006)}},
	year = {2006}}

@proceedings{zz-CHI1987,
	booktitle = {{Proc. Conference on Human Factors in Computing Systems and Graphics Interface (CHI 1987)}},
	editor = {Carroll, J. M. and Tanner, P. P.},
	publisher = {{ACM Press, New York, USA}},
	title = {{Proc. Conference on Human Factors in Computing Systems and Graphics Interface (CHI 1987)}},
	year = {1987}}

@proceedings{zz-CHI2000,
	booktitle = {{Proc. Conference on Human Factors and Computing Systems (CHI 2000)}},
	editor = {Turner, T. and Szwillus, G.},
	publisher = {{ACM Press, New York, USA}},
	title = {{Proc. Conference on Human Factors and Computing Systems (CHI 2000)}},
	year = {2000}}

@proceedings{zz-CHI2000-Abs,
	booktitle = {{Proc. Conference on Human Factors and Computing Systems (CHI 2000) -- Extended Abstracts on Human Factors in Computer Systems}},
	editor = {Tremaine, M.},
	publisher = {{ACM Press, New York, USA}},
	title = {{Proc. Conference on Human Factors and Computing Systems (CHI 2000) -- Extended Abstracts on Human Factors in Computer Systems}},
	year = {2000}}

@proceedings{zz-CHI2001,
	booktitle = {{Proc. Conference on Human Factors and Computing Systems (CHI 2001)}},
	editor = {Jacko, J. and Sears, A.},
	publisher = {{ACM Press, New York, USA}},
	title = {{Proc. Conference on Human Factors and Computing Systems (CHI 2001)}},
	year = {2001}}

@proceedings{zz-CHI2001-Abs,
	booktitle = {{Proc. Conference on Human Factors and Computing Systems (CHI 2001) -- Extended Abstracts on Human Factors in Computer Systems}},
	editor = {Tremaine, M.},
	publisher = {{ACM Press, New York, USA}},
	title = {{Proc. Conference on Human Factors and Computing Systems (CHI 2001) -- Extended Abstracts on Human Factors in Computer Systems}},
	year = {2001}}

@proceedings{zz-CHI2002,
	booktitle = {{Proc. Conference on Human Factors and Computing Systems (CHI 2002)}},
	editor = {Wixon, D.},
	publisher = {{ACM Press, New York, USA}},
	title = {{Proc. Conference on Human Factors and Computing Systems (CHI 2002)}},
	year = {2002}}

@proceedings{zz-CHI2002-Abs,
	booktitle = {{Proc. Conference on Human Factors and Computing Systems (CHI 2002) -- Extended Abstracts on Human Factors in Computer Systems}},
	editor = {Terveen, L. and Wixon, D.},
	publisher = {{ACM Press, New York, USA}},
	title = {{Proc. Conference on Human Factors and Computing Systems (CHI 2002) -- Extended Abstracts on Human Factors in Computer Systems}},
	year = {2002}}

@proceedings{zz-CHI2003,
	booktitle = {{Proc. Conference on Human Factors and Computing Systems (CHI 2003)}},
	editor = {Cockton, G. and Korhonen, P.},
	publisher = {{ACM Press, New York, USA}},
	title = {{Proc. Conference on Human Factors and Computing Systems (CHI 2003)}},
	year = {2003}}

@proceedings{zz-CHI2003-Abs,
	booktitle = {{Proc. Conference on Human Factors and Computing Systems (CHI 2003) -- Extended Abstracts on Human Factors in Computer Systems}},
	editor = {Cockton, G. and Korhonen, P.},
	publisher = {{ACM Press, New York, USA}},
	title = {{Proc. Conference on Human Factors and Computing Systems (CHI 2003) -- Extended Abstracts on Human Factors in Computer Systems}},
	year = {2003}}

@proceedings{zz-CHI2004,
	booktitle = {{Proc. Conference on Human Factors and Computing Systems (CHI 2004)}},
	editor = {Dykstra-Erickson, E. and Tscheligi, M.},
	publisher = {{ACM Press, New York, USA}},
	title = {{Proc. Conference on Human Factors and Computing Systems (CHI 2004)}},
	year = {2004}}

@proceedings{zz-CIKM1993,
	booktitle = {{Proc. 2nd International Conference on Information and Knowledge Management (CIKM 1993)}},
	editor = {Bhargava, B. and Finin, T. and Yesha, Y.},
	publisher = {{ACM Press, New York, USA}},
	title = {{Proc. 2nd International Conference on Information and Knowledge Management (CIKM 1993)}},
	year = {1993}}

@proceedings{zz-CIKM1994,
	booktitle = {{Proc. 3rd International Conference on Information and Knowledge Management (CIKM 1994)}},
	editor = {Adam, N. R. and Bhargava, B. K. and Yesha, Y.},
	publisher = {{ACM Press, New York, USA}},
	title = {{Proc. 3rd International Conference on Information and Knowledge Management (CIKM 1994)}},
	year = {1994}}

@proceedings{zz-CIKM1995,
	booktitle = {{Proc. 4th International Conference on Information and Knowledge Management (CIKM 1995)}},
	editor = {Pissinou, N. and Silberschatz, A. and Park, E. K. and Makki, K. and Nicholas, C.},
	publisher = {{ACM Press, New York, USA}},
	title = {{Proc. 4th International Conference on Information and Knowledge Management (CIKM 1995)}},
	year = {1995}}

@proceedings{zz-CIKM1996,
	booktitle = {{Proc. 5th International Conference on Information and Knowledge Management (CIKM 1996)}},
	editor = {Nicholas, C. and Pissinou, N. and Tamer {\"O}zsu, M. and Barker, K.},
	publisher = {{ACM Press, New York, USA}},
	title = {{Proc. 5th International Conference on Information and Knowledge Management (CIKM 1996)}},
	year = {1996}}

@proceedings{zz-CIKM1997,
	booktitle = {{Proc. 6th International Conference on Information and Knowledge Management (CIKM 1997)}},
	editor = {Golshani, F. and Makki, K. and Nicholas, C. and Pissinou, N.},
	publisher = {{ACM Press, New York, USA}},
	title = {{Proc. 6th International Conference on Information and Knowledge Management (CIKM 1997)}},
	year = {1997}}

@proceedings{zz-CIKM1998,
	booktitle = {{Proc. 7th International Conference on Information and Knowledge Management (CIKM 1998)}},
	editor = {Pissinou, N. and Nicholas, C. and French, J. and Gardarin, G. and Makki, K. and Bouganim, L.},
	publisher = {{ACM Press, New York, USA}},
	title = {{Proc. 7th International Conference on Information and Knowledge Management (CIKM 1998)}},
	year = {1998}}

@proceedings{zz-CIKM1999,
	booktitle = {{Proc. 8th International Conference on Information and Knowledge Management (CIKM 1999)}},
	editor = {Gauch, S.},
	publisher = {{ACM Press, New York, USA}},
	title = {{Proc. 8th International Conference on Information and Knowledge Management (CIKM 1999)}},
	year = {1999}}

@proceedings{zz-CIKM2000,
	booktitle = {{Proc. 9th International Conference on Information and Knowledge Management (CIKM 2000)}},
	editor = {Agah, A. and Callan, J. and Rundensteiner, E. and Gauch, S.},
	publisher = {{ACM Press, New York, USA}},
	title = {{Proc. 9th International Conference on Information and Knowledge Management (CIKM 2000)}},
	year = {2000}}

@proceedings{zz-CIKM2001,
	booktitle = {{Proc. 10th International Conference on Information and Knowledge Management (CIKM 2001)}},
	editor = {Pu, C. and Paques, H. and Liu, L. and Grossman, D.},
	publisher = {{ACM Press, New York, USA}},
	title = {{Proc. 10th International Conference on Information and Knowledge Management (CIKM 2001)}},
	year = {2001}}

@proceedings{zz-CIKM2002,
	booktitle = {{Proc. 11th International Conference on Information and Knowledge Management (CIKM 2002)}},
	editor = {Nicholas, C. and Grossman, D. and Kalpakis, K. and Qureshi, S. and van Dissel, H. and Seligman, L.},
	publisher = {{ACM Press, New York, USA}},
	title = {{Proc. 11th International Conference on Information and Knowledge Management (CIKM 2002)}},
	year = {2002}}

@proceedings{zz-CIKM2003,
	booktitle = {{Proc. 12th International Conference on Information and Knowledge Management (CIKM 2003)}},
	editor = {Kraft, D. and Frieder, O. and Hammer, J. and Qureshi, S. and Seligman, L.},
	publisher = {{ACM Press, New York, USA}},
	title = {{Proc. 12th International Conference on Information and Knowledge Management (CIKM 2003)}},
	year = {2003}}

@proceedings{zz-CIKM2004,
	booktitle = {{Proc. 13th International Conference on Information and Knowledge Management (CIKM 2004)}},
	editor = {Grossman, D. and Gravano, L. and Zhai, C. and Herzog, O. and Evans, D. A.},
	publisher = {{ACM Press, New York, USA}},
	title = {{Proc. 13th International Conference on Information and Knowledge Management (CIKM 2004)}},
	year = {2004}}

@proceedings{zz-CIKM2005,
	booktitle = {{Proc. 14th International Conference on Information and Knowledge Management (CIKM 2005)}},
	editor = {Herzog, O. and Schek, H.-J. and Fuhr, N. and Chowdhury, A. and Teiken, W.},
	publisher = {{ACM Press, New York, USA}},
	title = {{Proc. 14th International Conference on Information and Knowledge Management (CIKM 2005)}},
	year = {2005}}

@proceedings{zz-CIKM2006,
	booktitle = {{Proc. 15th International Conference on Information and Knowledge Management (CIKM 2006)}},
	editor = {Yu, P. S. and Tsotras, V. and Fox, E. A. and Liu, C.-B.},
	publisher = {{ACM Press, New York, USA}},
	title = {{Proc. 15th International Conference on Information and Knowledge Management (CIKM 2006)}},
	year = {2006}}

@proceedings{zz-CIKM2007,
	booktitle = {{Proc. 16th International Conference on Information and Knowledge Management (CIKM 2007)}},
	editor = {Silva, M. J. and Laender, A. A. F. and Baeza-Yates, R. and McGuinness, D. L. and Olstad, B. and Olsen, {\O}. H. and Falc{\~a}o, A. and},
	publisher = {{ACM Press, New York, USA}},
	title = {{Proc. 16th International Conference on Information and Knowledge Management (CIKM 2007)}},
	year = {2007}}

@proceedings{zz-CLEF2000Proc,
	booktitle = {{Cross-Language Information Retrieval and Evaluation: Workshop of Cross-Language Evaluation Forum (CLEF 2000)}},
	editor = {Peters, C.},
	publisher = {{Lecture Notes in Computer Science (LNCS) 2069, Springer, Heidelberg, Germany}},
	title = {{Cross-Language Information Retrieval and Evaluation: Workshop of Cross-Language Evaluation Forum (CLEF 2000)}},
	year = {2001}}

@proceedings{zz-CLEF2001Proc,
	booktitle = {{Evaluation of Cross-Language Information Retrieval Systems: Second Workshop of the Cross--Language Evaluation Forum (CLEF 2001) Revised Papers}},
	editor = {Peters, C. and Braschler, M. and Gonzalo, J. and Kluck, M.},
	publisher = {{Lecture Notes in Computer Science (LNCS) 2406, Springer, Heidelberg, Germany}},
	title = {{Evaluation of Cross-Language Information Retrieval Systems: Second Workshop of the Cross--Language Evaluation Forum (CLEF 2001) Revised Papers}},
	year = {2002}}

@proceedings{zz-CLEF2002Proc,
	booktitle = {{Advances in Cross-Language Information Retrieval: Third Workshop of the Cross--Language Evaluation Forum (CLEF 2002) Revised Papers}},
	editor = {Peters, C. and Braschler, M. and Gonzalo, J. and Kluck, M.},
	publisher = {{Lecture Notes in Computer Science (LNCS) 2785, Springer, Heidelberg, Germany}},
	title = {{Advances in Cross-Language Information Retrieval: Third Workshop of the Cross--Language Evaluation Forum (CLEF 2002) Revised Papers}},
	year = {2003}}

@proceedings{zz-CLEF2003Proc,
	booktitle = {{Comparative Evaluation of Multilingual Information Access Systems: Fourth Workshop of the Cross--Language Evaluation Forum (CLEF 2003) Revised Selected Papers}},
	editor = {Peters, C. and Braschler, M. and Gonzalo, J. and Kluck, M.},
	publisher = {{Lecture Notes in Computer Science (LNCS) 3237, Springer, Heidelberg, Germany}},
	title = {{Comparative Evaluation of Multilingual Information Access Systems: Fourth Workshop of the Cross--Language Evaluation Forum (CLEF 2003) Revised Selected Papers}},
	year = {2004}}

@proceedings{zz-CLEF2004Proc,
	booktitle = {{Multilingual Information Access for Text, Speech and Images: Fifth Workshop of the Cross--Language Evaluation Forum (CLEF 2004) Revised Selected Papers}},
	editor = {Peters, C. and Clough, P. and Gonzalo, J. and Jones, G. J. F. and Kluck, M. and Magnini, B.},
	publisher = {{Lecture Notes in Computer Science (LNCS) 3491, Springer, Heidelberg, Germany}},
	title = {{Multilingual Information Access for Text, Speech and Images: Fifth Workshop of the Cross--Language Evaluation Forum (CLEF 2004) Revised Selected Papers}},
	year = {2005}}

@proceedings{zz-CLEF2005Proc,
	booktitle = {{Accessing Multilingual Information Repositories: Sixth Workshop of the Cross--Language Evaluation Forum (CLEF 2005). Revised Selected Papers}},
	editor = {Peters, C. and Gey, F. C. and Gonzalo, J. and Jones, G. J. F. and Kluck, M. and Magnini, B. and M{\"u}ller, H. and de Rijke, M.},
	publisher = {{Lecture Notes in Computer Science (LNCS) 4022, Springer, Heidelberg, Germany}},
	title = {{Accessing Multilingual Information Repositories: Sixth Workshop of the Cross--Language Evaluation Forum (CLEF 2005). Revised Selected Papers}},
	year = {2006}}

@proceedings{zz-CLEF2008Proc,
	booktitle = {{Evaluating Systems for Multilingual and Multimodal Information Access: Ninth Workshop of the Cross--Language Evaluation Forum (CLEF 2008). Revised Selected Papers}},
	date-modified = {2009-12-07 17:35:00 +0100},
	editor = {Peters, C. and Deselaers, T. and Ferro, N. and Gonzalo, J. and Jones, G. J. F. and Kurimo, M. and Mandl, T. and Pe{\~n}as, A.},
	publisher = {{Lecture Notes in Computer Science (LNCS) 5706, Springer, Heidelberg, Germany}},
	title = {{Evaluating Systems for Multilingual and Multimodal Information Access: Ninth Workshop of the Cross--Language Evaluation Forum (CLEF 2008). Revised Selected Papers}},
	year = {2009}}

@proceedings{zz-VLDL2008,
	booktitle = {{Proc. 1st Workshop on Very Large Digital Libraries (VLDL 2008)}},
	date-modified = {2008-09-24 14:15:34 +0200},
	editor = {Manghi, P. and Pagano, P. and Zezula, P.},
	publisher = {{DELOS: an Association for Digital Libraries. Published Online}},
	title = {{Proc. 1st Workshop on Very Large Digital Libraries (VLDL 2008)}},
	year = {2008}}

@proceedings{zz-Colis5,
	booktitle = {{Proc. 5th International Conference on Conceptions of Library and Information Science -- Context: nature, impact and role (CoLIS 5)}},
	date-modified = {2012-04-15 17:46:43 +0200},
	editor = {Crestani, F. and Ruthven, I.},
	publisher = {{Lecture Notes in Computer Science (LNCS) 3507, Springer, Heidelberg, Germany}},
	title = {{Proc. 5th International Conference on Conceptions of Library and Information Science -- Context: nature, impact and role (CoLIS 5)}},
	year = {2005}}

@proceedings{zz-Croft2000-Editor,
	annote = {LabBD},
	booktitle = {{Advances in Information Retrieval: Recent Research from the Center for Intelligent Information Retrieval}},
	editor = {Croft, W. B.},
	publisher = {{Kluwer Academic Publishers, Norwell (MA), USA}},
	title = {{Advances in Information Retrieval: Recent Research from the Center for Intelligent Information Retrieval}},
	year = {2000}}

@proceedings{zz-CSCL1995,
	booktitle = {{Proc. 1st International Conference on Computer Support for Collaborative Learning (CSCL 1995)}},
	editor = {Schnase, J. L. and Cunnius, E. L.},
	publisher = {{Lawrence Erlbaum Associates Inc., Mahwah (NJ), USA}},
	title = {{Proc. 1st International Conference on Computer Support for Collaborative Learning (CSCL 1995)}},
	year = {1995}}

@proceedings{zz-CSCL2002,
	booktitle = {{Proc. International Conference on Computer Support for Collaborative Learning (CSCL 2002)}},
	editor = {Stahl, G.},
	publisher = {{Lawrence Erlbaum Associates Inc., Mahwah (NJ), USA}},
	title = {{Proc. International Conference on Computer Support for Collaborative Learning (CSCL 2002)}},
	year = {2002}}

@proceedings{zz-CSCW2000,
	booktitle = {{Proc.of the 2000 ACM conference on Computer Supported Cooperative Work (CSCW 2000)}},
	editor = {Kellogg, W. and Whittaker, S.},
	publisher = {{ACM Press, New York, USA}},
	title = {{Proc.of the 2000 ACM conference on Computer Supported Cooperative Work (CSCW 2000)}},
	year = {2000}}

@proceedings{zz-DBISP2P2004,
	booktitle = {{Proc. 2nd International Workshop on Databases, Information Systems, and Peer-to-Peer Computing (DBISP2P 2004). Revised Selected Papers}},
	editor = {Siong Ng, W. and Chin Ooi, B. and Ouksel, A. M. and Sartori, C.},
	publisher = {{Lecture Notes in Computer Science (LNCS) 3367, Springer, Heidelberg, Germany}},
	title = {{Proc. 2nd International Workshop on Databases, Information Systems, and Peer-to-Peer Computing (DBISP2P 2004). Revised Selected Papers}},
	year = {2005}}

@proceedings{zz-DBPL2003,
	booktitle = {{Proc. 9th International Workshop on Database Programming Languages (DBPL 2003)}},
	editor = {Lausen, G. and Suciu, D.},
	publisher = {{Lecture Notes in Computer Science (LNCS) 2921, Springer, Heidelberg, Germany}},
	title = {{Proc. 9th International Workshop on Database Programming Languages (DBPL 2003)}},
	year = {2004}}

@proceedings{zz-DDEP2000,
	booktitle = {{Proc. 8th International Conference on Digital Documents and Electronic Publishing (DDEP 2000) and 5th International Workshop on the Principles of Digital Document Processing (PODDP 2000). Revised Papers.}},
	editor = {King, P. and Munson, E. V.},
	publisher = {{Lecture Notes in Computer Science (LNCS) 2023, Springer, Heidelberg, Germany}},
	title = {{Proc. 8th International Conference on Digital Documents and Electronic Publishing (DDEP 2000) and 5th International Workshop on the Principles of Digital Document Processing (PODDP 2000). Revised Papers.}},
	year = {2004}}

@proceedings{zz-DELOS-CONFERENCE-2007,
	booktitle = {{Digital Libraries: Research and Development. First International DELOS Conference. Revised Selected Papers}},
	editor = {Thanos, C. and Borri, F. and Candela, L.},
	publisher = {{Lecture Notes in Computer Science (LNCS) 4877, Springer, Heidelberg, Germany}},
	title = {{Digital Libraries: Research and Development. First International DELOS Conference. Revised Selected Papers}},
	year = {2007}}

@proceedings{zz-DELOS-CONFERENCE-II-WN-2007,
	booktitle = {{Second DELOS Conference - Working Notes}},
	editor = {Thanos, C. and Borri, F. and Launaro, A},
	month = {December},
	publisher = {{ISTI-CNR, Gruppo ALI, Pisa, Italy}},
	title = {{Second DELOS Conference - Working Notes}},
	year = {2007}}

@proceedings{zz-DELOS-CONFERENCE-WN-2007,
	booktitle = {{DELOS Conference 2007 Working Notes}},
	editor = {Thanos, C. and Borri, F.},
	month = {February},
	publisher = {{ISTI-CNR, Gruppo ALI, Pisa, Italy}},
	title = {{DELOS Conference 2007 Working Notes}},
	year = {2007}}

@proceedings{zz-DELOS-RA-2006,
	booktitle = {{DELOS Research Activities 2006}},
	editor = {Thanos, C.},
	month = {August},
	publisher = {{ISTI-CNR at Gruppo ALI, Pisa, Italy}},
	title = {{DELOS Research Activities 2006}},
	year = {2006}}

@proceedings{zz-DELOSWP1WP2PreProc2005,
	booktitle = {{Proc. 8th DELOS Thematic Workshop on Future Digital Library Management Systems: System Architecture and Information Access}},
	date-modified = {2016-10-20 14:34:19 +0000},
	editor = {Ioannidis, Y. E. and Schek, H.-J. and Weikum, G.},
	publisher = {{\url{http://dbis.cs.unibas.ch/delos_website/delos-dagstuhl-handout-all.pdf} [last visited 2007, March 23]}},
	title = {{Proc. 8th DELOS Thematic Workshop on Future Digital Library Management Systems: System Architecture and Information Access}},
	year = {2005}}

@proceedings{zz-DELOSWP1WS1PostProc2004,
	booktitle = {{Peer-to-Peer, Grid, and Service-Orientation in Digital Library Architectures: 6th Thematic Workshop of the EU Network of Excellence DELOS. Revised Selected Papers}},
	editor = {T{\"u}rker, C. and Agosti, M. and Schek, H.-J.},
	publisher = {{Lecture Notes in Computer Science (LNCS) 3664, Springer, Heidelberg, Germany}},
	title = {{Peer-to-Peer, Grid, and Service-Orientation in Digital Library Architectures: 6th Thematic Workshop of the EU Network of Excellence DELOS. Revised Selected Papers}},
	year = {2005}}

@proceedings{zz-DELOSWP1WS1PreProc2004,
	booktitle = {{Digital Library Architectures: Peer-to-Peer, Grid, and Service-Orientation, Pre-proceedings of the 6th Thematic Workshop of the EU Network of Excellence DELOS}},
	editor = {Agosti, M. and Schek, H.-J. and T{\"u}rker, C.},
	publisher = {{Edizioni Libreria Progetto, Padova, Italy}},
	title = {{Digital Library Architectures: Peer-to-Peer, Grid, and Service-Orientation, Pre-proceedings of the 6th Thematic Workshop of the EU Network of Excellence DELOS}},
	year = {2004}}

@proceedings{zz-DELOSWP4Proc2005,
	booktitle = {{Proc. 7th International Workshop of the EU Network of Excellence DELOS on Audio-Visual Content and Information Visualization in Digital Libraries (AVIVDiLib'05)}},
	editor = {Catarci, T. and Christodoulakis, S. and Del Bimbo, A.},
	publisher = {{Centromedia, Viareggio, Italy}},
	title = {{Proc. 7th International Workshop of the EU Network of Excellence DELOS on Audio-Visual Content and Information Visualization in Digital Libraries (AVIVDiLib'05)}},
	year = {2005}}

@proceedings{zz-DELOSWP7WS1Proc2004,
	booktitle = {{Notes of the DELOS WP7 Workshop on the Evaluation of Digital Libraries}},
	editor = {Agosti, M. and Fuhr, N.},
	publisher = {{\url{http://dlib.ionio.gr/wp7/workshop2004_program.html} [last visited 2007, March 23]}},
	title = {{Notes of the DELOS WP7 Workshop on the Evaluation of Digital Libraries}},
	year = {2004}}

@proceedings{zz-DL1996,
	booktitle = {{Proc. 1st ACM International Conference on Digital Libraries (DL 1996)}},
	editor = {Fox, E. A. and Marchionini, G.},
	publisher = {{ACM Press, New York, USA}},
	title = {{Proc. 1st ACM International Conference on Digital Libraries (DL 1996)}},
	year = {1996}}

@proceedings{zz-DL1997,
	booktitle = {{Proc. 2nd ACM International Conference on Digital Libraries (DL 1997)}},
	editor = {Allen, R. B. and Rasmussen, E.},
	publisher = {{ACM Press, New York, USA}},
	title = {{Proc. 2nd ACM International Conference on Digital Libraries (DL 1997)}},
	year = {1997}}

@proceedings{zz-DL1998,
	booktitle = {{Proc. 3rd ACM International Conference on Digital Libraries (DL 1998)}},
	editor = {Witten, I. and Akscyn, R. and Shipman, F. M.},
	publisher = {{ACM Press, New York, USA}},
	title = {{Proc. 3rd ACM International Conference on Digital Libraries (DL 1998)}},
	year = {1998}}

@proceedings{zz-DL1999,
	booktitle = {{Proc. 4th ACM International Conference on Digital Libraries (DL 1999)}},
	editor = {Rowe, N. and Fox, E. A.},
	publisher = {{ACM Press, New York, USA}},
	title = {{Proc. 4th ACM International Conference on Digital Libraries (DL 1999)}},
	year = {1999}}

@proceedings{zz-DL2000,
	booktitle = {{Proc. 5th ACM International Conference on Digital Libraries (DL 2000)}},
	editor = {N{\"u}rnberg, P. J. and Hicks, D. L. and Furuta, R.},
	publisher = {{ACM Press, New York, USA}},
	title = {{Proc. 5th ACM International Conference on Digital Libraries (DL 2000)}},
	year = {2000}}

@proceedings{zz-DL-CUBA-JCDL2006,
	date-modified = {2008-10-09 10:12:14 +0200},
	editor = {Blandford, A. and Gow, J.},
	publisher = {{\url{http://www.uclic.ucl.ac.uk/events/dl-cuba2006/} [last visited 2007, March 23]}},
	title = {Proc. 1st International Workshop on Digital Libraries in the Context of Users Broader Activities (DL-CUBA 2006)},
	year = {2006}}

@proceedings{zz-DNIS2003,
	booktitle = {{Proc. 3rd International Workshop on Databases in Networked Information Systems (DNIS 2003)}},
	editor = {Bianchi-Berthouze, N.},
	publisher = {{Lecture Notes in Computer Science (LNCS) 2822, Springer, Heidelberg, Germany}},
	title = {{Proc. 3rd International Workshop on Databases in Networked Information Systems (DNIS 2003)}},
	year = {2003}}

@proceedings{zz-DNIS2005,
	booktitle = {{Proc. 4th International Workshop on Databases in Networked Information Systems (DNIS 2005)}},
	editor = {Bhalla, S.},
	publisher = {{Lecture Notes in Computer Science (LNCS) 3433, Springer, Heidelberg, Germany}},
	title = {{Proc. 4th International Workshop on Databases in Networked Information Systems (DNIS 2005)}},
	year = {2005}}

@proceedings{zz-DocEng2001,
	booktitle = {{Proc. 2001 ACM Symposium on Document Engineering}},
	editor = {Munson, E. V.},
	publisher = {{ACM Press, New York, USA}},
	title = {{Proc. 2001 ACM Symposium on Document Engineering}},
	year = {2001}}

@proceedings{zz-ECDL1997,
	booktitle = {{Proc. 1st European Conference on Research and Advanced Technology for Digital Libraries (ECDL 1997)}},
	editor = {Peters, C. and Thanos, C.},
	publisher = {{Lecture Notes in Computer Science (LNCS) 1324, Springer, Heidelberg, Germany}},
	title = {{Proc. 1st European Conference on Research and Advanced Technology for Digital Libraries (ECDL 1997)}},
	year = {1997}}

@proceedings{zz-ECDL1998,
	booktitle = {{Proc. 2nd European Conference on Research and Advanced Technology for Digital Libraries (ECDL 1998)}},
	editor = {Nikolaou, C. and Stephanidis, C.},
	publisher = {{Lecture Notes in Computer Science (LNCS) 1513, Springer, Heidelberg, Germany}},
	title = {{Proc. 2nd European Conference on Research and Advanced Technology for Digital Libraries (ECDL 1998)}},
	year = {1998}}

@proceedings{zz-ECDL1999,
	booktitle = {{Proc. 3rd European Conference on Research and Advanced Technology for Digital Libraries (ECDL 1999)}},
	editor = {Abiteboul, S. and Vercoustre, A.-M.},
	publisher = {{Lecture Notes in Computer Science (LNCS) 1696, Springer, Heidelberg, Germany}},
	title = {{Proc. 3rd European Conference on Research and Advanced Technology for Digital Libraries (ECDL 1999)}},
	year = {1999}}

@proceedings{zz-ECDL2000,
	booktitle = {{Proc. 4th European Conference on Research and Advanced Technology for Digital Libraries (ECDL 2000)}},
	editor = {Borbinha, J. L. and Baker, T.},
	publisher = {{Lecture Notes in Computer Science (LNCS) 1923, Springer, Heidelberg, Germany}},
	title = {{Proc. 4th European Conference on Research and Advanced Technology for Digital Libraries (ECDL 2000)}},
	year = {2000}}

@proceedings{zz-ECDL2001,
	booktitle = {{Proc. 5th European Conference on Research and Advanced Technology for Digital Libraries (ECDL 2001)}},
	editor = {Constantopoulos, P. and S{\o}lvberg, I. T.},
	publisher = {{Lecture Notes in Computer Science (LNCS) 2163, Springer, Heidelberg, Germany}},
	title = {{Proc. 5th European Conference on Research and Advanced Technology for Digital Libraries (ECDL 2001)}},
	year = {2001}}

@proceedings{zz-ECDL2002,
	booktitle = {{Proc. 6th European Conference on Research and Advanced Technology for Digital Libraries (ECDL 2002)}},
	editor = {Agosti, M. and Thanos, C.},
	publisher = {{Lecture Notes in Computer Science (LNCS) 2458, Springer, Heidelberg, Germany}},
	title = {{Proc. 6th European Conference on Research and Advanced Technology for Digital Libraries (ECDL 2002)}},
	year = {2002}}

@proceedings{zz-ECDL2003,
	booktitle = {{Proc. 7th European Conference on Research and Advanced Technology for Digital Libraries (ECDL 2003)}},
	editor = {Koch, T. and S{\o}lvberg, I. T.},
	publisher = {{Lecture Notes in Computer Science (LNCS) 2769, Springer, Heidelberg, Germany}},
	title = {{Proc. 7th European Conference on Research and Advanced Technology for Digital Libraries (ECDL 2003)}},
	year = {2003}}

@proceedings{zz-ECDL2004,
	booktitle = {{Proc. 8th European Conference on Research and Advanced Technology for Digital Libraries (ECDL 2004)}},
	editor = {Heery, R. and Lyon, L.},
	publisher = {{Lecture Notes in Computer Science (LNCS) 3232, Springer, Heidelberg, Germany}},
	title = {{Proc. 8th European Conference on Research and Advanced Technology for Digital Libraries (ECDL 2004)}},
	year = {2004}}

@proceedings{zz-ECDL2005,
	booktitle = {{Proc. 9th European Conference on Research and Advanced Technology for Digital Libraries (ECDL 2005)}},
	editor = {Rauber, A. and Christodoulakis, S. and Min Tjoa, A.},
	publisher = {{Lecture Notes in Computer Science (LNCS) 3652, Springer, Heidelberg, Germany}},
	title = {{Proc. 9th European Conference on Research and Advanced Technology for Digital Libraries (ECDL 2005)}},
	year = {2005}}

@proceedings{zz-ECDL2006,
	booktitle = {{Proc. 10th European Conference on Research and Advanced Technology for Digital Libraries (ECDL 2006)}},
	editor = {Gonzalo, J. and Thanos, C. and Verdejo, M. F. and Carrasco, R. C.},
	publisher = {{Lecture Notes in Computer Science (LNCS) 4172, Springer, Heidelberg, Germany}},
	title = {{Proc. 10th European Conference on Research and Advanced Technology for Digital Libraries (ECDL 2006)}},
	year = {2006}}

@proceedings{zz-ECDL2007,
	booktitle = {{Proc. 11th European Conference on Research and Advanced Technology for Digital Libraries (ECDL 2007)}},
	date-modified = {2008-07-19 15:03:58 +0200},
	editor = {Fuhr, N. and Kov{\'a}cs, L. and Meghini, C.},
	publisher = {{Lecture Notes in Computer Science (LNCS) 4675, Springer, Heidelberg, Germany}},
	title = {{Proc. 11th European Conference on Research and Advanced Technology for Digital Libraries (ECDL 2007)}},
	year = {2007}}

@proceedings{zz-ECIR2008,
	booktitle = {{Advances in Information Retrieval. Proc. 30th European Conference on IR Research (ECIR 2008)}},
	date-modified = {2008-07-09 07:33:59 +0200},
	editor = {Macdonald, C. and Ounis, I. and Plachouras, V. and Ruthven, I. and White, R. W.},
	publisher = {{Lecture Notes in Computer Science (LNCS) 4956, Springer, Heidelberg, Germany}},
	title = {{Advances in Information Retrieval. Proc. 30th European Conference on IR Research (ECIR 2008)}},
	year = {2008}}

@proceedings{zz-ELPUB2002,
	booktitle = {{Proc. 6th Interational ICCC/IFIP Conference on Electronic Publishing (ELPUB 2002)}},
	editor = {Carvalho, J. {\'A}. and H{\"u}bler, A. and Baptista, A. A.},
	publisher = {{Verlag f{\"u}r Wissenschaft und Forschung, Berlin, Germany}},
	title = {{Proc. 6th Interational ICCC/IFIP Conference on Electronic Publishing (ELPUB 2002)}},
	year = {2002}}

@proceedings{zz-DESIRE2011,
	booktitle = {{Proc. Workshop on Data infrastructurEs for Supporting Information Retrieval Evaluation (DESIRE 2011)}},
	date-modified = {2011-11-01 10:04:51 +0100},
	editor = {Agosti, M. and Ferro, N. and Thanos, C.},
	publisher = {{ACM Press, New York, USA}},
	title = {{Proc. Workshop on Data infrastructurEs for Supporting Information Retrieval Evaluation (DESIRE 2011)}},
	year = {2011}}

@proceedings{zz-FQAS2006,
	booktitle = {{Proc. 7th International Conference on Flexible Query Answering Systems (FQAS 2006)}},
	editor = {Legind Larsen, H. and Pasi, G. and Ortiz-Arroyo, D. and Andreasen, T. and Christiansen, H.},
	publisher = {{Lecture Notes in Artificial Intelligence (LNAI) 4027, Springer, Heidelberg, Germany}},
	title = {{Proc. 7th International Conference on Flexible Query Answering Systems (FQAS 2006)}},
	year = {2006}}

@proceedings{zz-Grefenstette1998-Editor,
	annote = {LabBD},
	booktitle = {{Cross-Language Information Retrieval}},
	editor = {Grefenstette, G.},
	publisher = {{Kluwer Academic Publishers, Norwell, MA, USA}},
	title = {{Cross-Language Information Retrieval}},
	year = {1998}}

@proceedings{zz-HandschuhStaab2003-editor,
	annote = {Statistica 25-989},
	booktitle = {{Annotation for the Semantic Web}},
	date-modified = {2008-08-16 10:29:49 +0200},
	editor = {Handschuh, S. and Staab, S.},
	publisher = {{IOS Press, Amsterdam, The Netherlands}},
	title = {{Annotation for the Semantic Web}},
	year = {2003}}

@proceedings{zz-HT1987,
	booktitle = {{Proc. 1st ACM Conference on Hypertext (HT 1987)}},
	editor = {Smith, J. B. and Halasz, F.},
	publisher = {{ACM Press, New York, USA}},
	title = {{Proc. 1st ACM Conference on Hypertext (HT 1987)}},
	year = {1987}}

@proceedings{zz-HT1989,
	booktitle = {{Proc. 2nd Annual ACM Conference on Hypertext (HT 1989)}},
	editor = {Akscyn, R.},
	publisher = {{ACM Press, New York, USA}},
	title = {{Proc. 2nd Annual ACM Conference on Hypertext (HT 1989)}},
	year = {1989}}

@proceedings{zz-HT1991,
	booktitle = {{Proc. 3rd Annual ACM Conference on Hypertext (HT 1991)}},
	editor = {Leggett, J. J.},
	publisher = {{ACM Press, New York, USA}},
	title = {{Proc. 3rd Annual ACM Conference on Hypertext (HT 1991)}},
	year = {1991}}

@proceedings{zz-HT1992,
	booktitle = {{Proc. 4th ACM Conference on Hypertext (ECHT 1992)}},
	editor = {Lucarella, D. and Nanard, J. and Nanard, M. and Paolini, P.},
	publisher = {{ACM Press, New York, USA}},
	title = {{Proc. 4th ACM Conference on Hypertext (ECHT 1992)}},
	year = {1992}}

@proceedings{zz-HT1993,
	booktitle = {{Proc. 5th ACM Conference on Hypertext (HT 1993)}},
	editor = {Poltrock, S. E.},
	publisher = {{ACM Press, New York, USA}},
	title = {{Proc. 5th ACM Conference on Hypertext (HT 1993)}},
	year = {1993}}

@proceedings{zz-HT1994,
	booktitle = {{Proc. 6th ACM European Conference on Hypermedia Technology (ECHT 1994)}},
	editor = {Ritchie, I. and Guimar{\~a}es, N.},
	publisher = {{ACM Press, New York, USA}},
	title = {{Proc. 6th ACM European Conference on Hypermedia Technology (ECHT 1994)}},
	year = {1994}}

@proceedings{zz-HT1996,
	booktitle = {{Proc. 7th ACM Conference on Hypertext and Hypermedia (HT 1996)}},
	editor = {Stotts, D.},
	publisher = {{ACM Press, New York, USA}},
	title = {{Proc. 7th ACM Conference on Hypertext and Hypermedia (HT 1996)}},
	year = {1996}}

@proceedings{zz-HT1997,
	booktitle = {{Proc. 8th ACM Conference on Hypertext and Hypermedia (HT 1997)}},
	editor = {Bernstein, M. and \Osterbye, K. and Carr, L. and Hall, W. and Davis, H.},
	publisher = {{ACM Press, New York, USA}},
	title = {{Proc. 8th ACM Conference on Hypertext and Hypermedia (HT 1997)}},
	year = {1997}}

@proceedings{zz-HT1998,
	booktitle = {{Proc. 9th ACM Conference on Hypertext and Hypermedia (HT 1998): links, objects, time and space-structure in hypermedia systems}},
	editor = {Akscyn, R.},
	publisher = {{ACM Press, New York, USA}},
	title = {{Proc. 9th ACM Conference on Hypertext and Hypermedia (HT 1998): links, objects, time and space-structure in hypermedia systems}},
	year = {1998}}

@proceedings{zz-HT1999,
	booktitle = {{Proc. 10th ACM Conference on Hypertext and Hypermedia (HT 1999): returning to our diverse roots}},
	editor = {Westbomke, J. and Wiil, U. K. and Leggett, J. J. and Tochtermann, K. and Haake, J. M.},
	publisher = {{ACM Press, New York, USA}},
	title = {{Proc. 10th ACM Conference on Hypertext and Hypermedia (HT 1999): returning to our diverse roots}},
	year = {1999}}

@proceedings{zz-HT2000,
	booktitle = {{Proc. 11th ACM Conference on Hypertext and Hypermedia (HT 2000)}},
	editor = {Shipman, F. M. and N{\"u}rnberg, P. J. and Hicks, D. L.},
	publisher = {{ACM Press, New York, USA}},
	title = {{Proc. 11th ACM Conference on Hypertext and Hypermedia (HT 2000)}},
	year = {2000}}

@proceedings{zz-HT2001,
	booktitle = {{Proc. 12th ACM Conference on Hypertext and Hypermedia (HT 2001)}},
	editor = {Gr\onb{\ae}k, K. and Davis, H. and Douglas, Y.},
	publisher = {{ACM Press, New York, USA}},
	title = {{Proc. 12th ACM Conference on Hypertext and Hypermedia (HT 2001)}},
	year = {2001}}

@proceedings{zz-HT2002,
	booktitle = {{Proc. 13th ACM Conference on Hypertext and Hypermedia (HT 2002)}},
	editor = {Allen, R. B. and Anderson, K. and Moulthrop, S.},
	publisher = {{ACM Press, New York, USA}},
	title = {{Proc. 13th ACM Conference on Hypertext and Hypermedia (HT 2002)}},
	year = {2002}}

@proceedings{zz-HT2003,
	booktitle = {{Proc. 14th ACM Conference on Hypertext and Hypermedia (HT 2003)}},
	editor = {Ashman, H. and Brailsford, T. and Carr, L. and Hardman, L.},
	publisher = {{ACM Press, New York, USA}},
	title = {{Proc. 14th ACM Conference on Hypertext and Hypermedia (HT 2003)}},
	year = {2003}}

@proceedings{zz-HT2004,
	booktitle = {{Proc. 15th ACM Conference on Hypertext and Hypermedia (HT 2004)}},
	editor = {Whitehead, J. and De Roure, D.},
	publisher = {{ACM Press, New York, USA}},
	title = {{Proc. 15th ACM Conference on Hypertext and Hypermedia (HT 2004)}},
	year = {2004}}

@proceedings{zz-ICADL2002,
	booktitle = {{Proc. 5th International Conference on Asian Digital Libraries. Digital Libraries: People, Knowledge, and Technology (ICADL 2002)}},
	editor = {Lim, E. P. and Foo, S. and Khoo, C. S. G. and Chen, H. and Fox, E. A. and Urs, S. R. and Thanos, C.},
	publisher = {{Lecture Notes in Computer Science (LNCS) 2555, Springer, Heidelberg, Germany}},
	title = {{Proc. 5th International Conference on Asian Digital Libraries. Digital Libraries: People, Knowledge, and Technology (ICADL 2002)}},
	year = {2002}}

@proceedings{zz-ICADL2003,
	booktitle = {{Proc. 6th International Conference on Asian Digital Libraries -- Digital Libraries: Technology and Management of Indigenous Knowledge (ICADL 2003)}},
	editor = {Sembok, T. M. T. and Zaman, H. B. and Chen, H. and Urs, S. R. and Myaeng, S. H.},
	publisher = {{Lecture Notes in Computer Science (LNCS) 2911, Springer, Heidelberg, Germany}},
	title = {{Proc. 6th International Conference on Asian Digital Libraries -- Digital Libraries: Technology and Management of Indigenous Knowledge (ICADL 2003)}},
	year = {2003}}

@proceedings{zz-ICADL2004,
	booktitle = {{Proc. 7th International Conference on Asian Digital Libraries. Digital Libraries: International Collaboration and Cross-Fertilization (ICADL 2004)}},
	editor = {Chen, Z. and Chen, H. and Miao, Q. and Fu, Y. and Fox, E. A. and Lim, E.-P.},
	publisher = {{Lecture Notes in Computer Science (LNCS) 3334, Springer, Heidelberg, Germany}},
	title = {{Proc. 7th International Conference on Asian Digital Libraries. Digital Libraries: International Collaboration and Cross-Fertilization (ICADL 2004)}},
	year = {2004}}

@proceedings{zz-ICADL2007,
	booktitle = {{Proc. 10th International Conference on Asian Digital Libraries. Digital Libraries -- Asian Digital libraries: Looking Back 10 Years and Forging New Frontiers (ICADL 2007)}},
	editor = {Goh, D. H. L. and Cao, T. H. and S{\o}lvberg, I. and Rasmussen, E.},
	publisher = {{Lecture Notes in Computer Science (LNCS) 4822, Springer, Heidelberg, Germany}},
	title = {{Proc. 10th International Conference on Asian Digital Libraries. Digital Libraries -- Asian Digital libraries: Looking Back 10 Years and Forging New Frontiers (ICADL 2007)}},
	year = {2007}}

@proceedings{zz-ICDT2001,
	booktitle = {{Proc. 8th International Conference on Database Theory (ICDT 2001)}},
	editor = {Van den Bussche, J. and Vianu, V.},
	publisher = {{Lecture Notes in Computer Science (LNCS) 1973, Springer, Heidelberg, Germany}},
	title = {{Proc. 8th International Conference on Database Theory (ICDT 2001)}},
	year = {2001}}

@proceedings{zz-IRCDL2005,
	booktitle = {{Post-proceedings of the First Italian Research Conference on Digital Library Management Systems (IRCDL 2005)}},
	editor = {Agosti, M. and Thanos, C.},
	publisher = {{ISTI-CNR at Gruppo ALI, Pisa, Italy}},
	title = {{Post-proceedings of the First Italian Research Conference on Digital Library Management Systems (IRCDL 2005)}},
	year = {2005}}

@proceedings{zz-IRCDL2006,
	booktitle = {{Proc. 2nd Italian Research Conference on Digital Library Management Systems (IRCDL 2006)}},
	editor = {Agosti, M. and Thanos, C.},
	month = {August},
	publisher = {{ISTI-CNR at Gruppo ALI, Pisa, Italy}},
	title = {{Proc. 2nd Italian Research Conference on Digital Library Management Systems (IRCDL 2006)}},
	year = {2006}}

@proceedings{zz-IRCDL2007,
	booktitle = {{Post-proceedings of the Third Italian Research Conference on Digital Library Systems (IRCDL 2007)}},
	editor = {Agosti, M. and Esposito, F. and Thanos, C.},
	month = {November},
	publisher = {{ISTI-CNR at Gruppo ALI, Pisa, Italy}},
	title = {{Post-proceedings of the Third Italian Research Conference on Digital Library Systems (IRCDL 2007)}},
	year = {2007}}

@proceedings{zz-IRCDL2009,
	booktitle = {{Post-proceedings of the Fifth Italian Research Conference on Digital Library Systems (IRCDL 2009)}},
	date-modified = {2009-09-01 19:47:15 +0200},
	editor = {Agosti, M. and Esposito, F. and Thanos, C.},
	publisher = {{DELOS Association and Department of Information Engineering of the University of Padua}},
	title = {{Post-proceedings of the Fifth Italian Research Conference on Digital Library Systems (IRCDL 2009)}},
	year = {2009}}

@proceedings{zz-DeMarcoEtAl-editor,
	booktitle = {{Interdisciplinary Aspects of Information Systems Studies}},
	date-modified = {2009-03-07 10:46:52 +0100},
	editor = {D'Atri, A. and De Marco, M. and Casalino, N.},
	publisher = {{Physica-Verlag, Heidelberg, Germany}},
	title = {{Interdisciplinary Aspects of Information Systems Studies}},
	year = {2008}}

@proceedings{zz-IWAC2005,
	booktitle = {{Proc. International Workshop on Annotation for Collaboration -- Methods, Tools, and Practices (IWAC 2005)}},
	editor = {Boujut, J.-F.},
	publisher = {{CNRS - Programme soci{\'e}t{\'e} de l'information}},
	title = {{Proc. International Workshop on Annotation for Collaboration -- Methods, Tools, and Practices (IWAC 2005)}},
	year = {2005}}

@proceedings{zz-JCDL2001,
	booktitle = {{Proc. 1st ACM/IEEE-CS Joint Conference on Digital Libraries (JCDL 2001)}},
	editor = {Fox, E. A. and Borgman, C. L.},
	publisher = {{ACM Press, New York, USA}},
	title = {{Proc. 1st ACM/IEEE-CS Joint Conference on Digital Libraries (JCDL 2001)}},
	year = {2001}}

@proceedings{zz-JCDL2002,
	booktitle = {{Proc. 2nd ACM/IEEE-CS Joint Conference on Digital Libraries (JCDL 2002)}},
	editor = {Hersh, W. and Marchionini, G.},
	publisher = {{ACM Press, New York, USA}},
	title = {{Proc. 2nd ACM/IEEE-CS Joint Conference on Digital Libraries (JCDL 2002)}},
	year = {2002}}

@proceedings{zz-JCDL2003,
	booktitle = {{Proc. 3rd ACM/IEEE-CS Joint Conference on Digital Libraries (JCDL 2003)}},
	editor = {Henry, G. and Marshall, C. C. and Delcambre, L.},
	publisher = {{IEEE Computer Society}},
	title = {{Proc. 3rd ACM/IEEE-CS Joint Conference on Digital Libraries (JCDL 2003)}},
	year = {2003}}

@proceedings{zz-JCDL2004,
	booktitle = {{Proc. 4th ACM/IEEE-CS Joint Conference on Digital Libraries (JCDL 2004)}},
	editor = {Chen, H. and Wactlar, H. and Chen, C.-C. and Lim, E.-P. and Christel, M.},
	publisher = {{ACM Press, New York, USA}},
	title = {{Proc. 4th ACM/IEEE-CS Joint Conference on Digital Libraries (JCDL 2004)}},
	year = {2004}}

@proceedings{zz-JCDL2005,
	booktitle = {{Proc. 5th ACM/IEEE-CS Joint Conference on Digital Libraries (JCDL 2005)}},
	editor = {Marlino, M. and Sumner, T. and Shipman, F.},
	publisher = {{ACM Press, New York, USA}},
	title = {{Proc. 5th ACM/IEEE-CS Joint Conference on Digital Libraries (JCDL 2005)}},
	year = {2005}}

@proceedings{zz-JCDL2006,
	booktitle = {{Proc. 6th ACM/IEEE-CS Joint Conference on Digital Libraries (JCDL 2006)}},
	editor = {Marchionini, G. and Nelson, M. L. and Marshall, C. C.},
	publisher = {{ACM Press, New York, USA}},
	title = {{Proc. 6th ACM/IEEE-CS Joint Conference on Digital Libraries (JCDL 2006)}},
	year = {2006}}

@proceedings{zz-JCDL2008,
	booktitle = {{Proc. 8th ACM/IEEE-CS Joint Conference on Digital Libraries (JCDL 2008)}},
	date-modified = {2008-07-08 17:02:14 +0200},
	editor = {Larsen, R. and Paepcke, A. and Borbinha, J. L. and Naaman, M.},
	publisher = {{ACM Press, New York, USA}},
	title = {{Proc. 8th ACM/IEEE-CS Joint Conference on Digital Libraries (JCDL 2008)}},
	year = {2008}}

@proceedings{zz-LNCS3359,
	booktitle = {{Proc. International Workshop on Intuitive Human Interfaces for Organizing and Accessing Intellectual Assets}},
	editor = {Grieser, G. and Tanaka, Y.},
	publisher = {{Lecture Notes in Computer Science (LNCS) 3359, Springer, Heidelberg, Germany}},
	title = {{Proc. International Workshop on Intuitive Human Interfaces for Organizing and Accessing Intellectual Assets}},
	year = {2004}}

@proceedings{zz-LREC2008,
	booktitle = {{Proc. 6th International Language Resources and Evaluation Conference (LREC 2008)}},
	date-modified = {2008-07-19 14:36:07 +0200},
	editor = {{European Language Resources Association (ELRA)}},
	title = {{Proc. 6th International Language Resources and Evaluation Conference (LREC 2008)}},
	year = {2008}}

@proceedings{zz-MIR2004,
	booktitle = {{Proc. 5th International Conference on Music Information Retrieval (ISMIR 2004)}},
	editor = {Serra, X. and Leman, M.},
	publisher = {{Universitat Pompeu Fabra}},
	title = {{Proc. 5th International Conference on Music Information Retrieval (ISMIR 2004)}},
	year = {2004}}

@proceedings{zz-MLIA-SIGIR2006,
	booktitle = {{Proc. International Workshop on New Directions in Multilingual Information Access (MLIA 2006)}},
	date-modified = {2008-07-21 19:32:19 +0200},
	editor = {Gey, F. C. and Kando, N. and Peters, C. and Lin, C.-Y.},
	title = {{Proc. International Workshop on New Directions in Multilingual Information Access (MLIA 2006)}},
	year = {2006}}

@proceedings{zz-MM1994,
	booktitle = {{Proc. 2nd ACM International Conference on Multimedia (MM 1994)}},
	editor = {Blattner, M. and Limb, J.O.},
	publisher = {{ACM Press, New York, USA}},
	title = {{Proc. 2nd ACM International Conference on Multimedia (MM 1994)}},
	year = {1994}}

@proceedings{zz-neuhold2005,
	booktitle = {{From Integrated Publication and Information Systems to Virtual Information and Knowledge Environments. Essays Dedicated to Erich J. Neuhold on the Occasion of His 65th Birthday}},
	editor = {Hemmje, M. and Nieder{\'e}e, C. and Risse, T.},
	publisher = {{Lecture Notes in Computer Science (LNCS) 3379, Springer, Heidelberg, Germany}},
	title = {{From Integrated Publication and Information Systems to Virtual Information and Knowledge Environments. Essays Dedicated to Erich J. Neuhold on the Occasion of His 65th Birthday}},
	year = {2005}}

@proceedings{zz-NTCIR4,
	booktitle = {{Proc. 4th NTCIR Workshop Meeting on Evaluation of Information Access Technologies: Information Retrieval, Question Answering and Cross-Lingual Information Access}},
	date-modified = {2014-02-24 15:34:21 +0000},
	editor = {Kando, N. and Takaku, M.},
	publisher = {{National Institute of Informatics, Published Online}},
	title = {{Proc. 4th NTCIR Workshop Meeting on Evaluation of Information Access Technologies: Information Retrieval, Question Answering and Cross-Lingual Information Access}},
	year = {2004}}

@proceedings{zz-NTCIR7,
	booktitle = {{Proc. 7th NTCIR Workshop Meeting on Evaluation of Information Access Technologies: Information Retrieval, Question Answering and Cross-Lingual Information Access}},
	date-modified = {2008-12-16 03:20:23 +0100},
	editor = {Kando, N. and Sugimoto, M.},
	publisher = {{National Institute of Informatics, Tokyo, Japan}},
	title = {{Proc. 7th NTCIR Workshop Meeting on Evaluation of Information Access Technologies: Information Retrieval, Question Answering and Cross-Lingual Information Access}},
	year = {2008}}

@proceedings{zz-PODS2002,
	booktitle = {{Proc. 21st ACM SIGMOD--SIGACT--SIGART Symposium on Principles of Database Systems (PODS 2002)}},
	editor = {Abiteboul, S. and Kolaitis, P. G. and Popa, L.},
	publisher = {{ACM Press, New York, USA}},
	title = {{Proc. 21st ACM SIGMOD--SIGACT--SIGART Symposium on Principles of Database Systems (PODS 2002)}},
	year = {2002}}

@proceedings{zz-SAAKM2002,
	booktitle = {{Proc. ECAI 2002 Workshop on Semantic Authoring, Annotation \& Knowledge Markup (SAAKM 2002) at the 15th European Conference on Artificial Intelligence (ECAI 2002)}},
	editor = {Handschuh, S. and Dieng-Kuntz, R. and Collier, N. and Staab, S.},
	title = {{Proc. ECAI 2002 Workshop on Semantic Authoring, Annotation \& Knowledge Markup (SAAKM 2002) at the 15th European Conference on Artificial Intelligence (ECAI 2002)}},
	year = {2002}}

@proceedings{zz-RIAO2007,
	booktitle = {{Proc. 8th International Conference on Computer-Assisted Information Retrieval (RIAO 2007)}},
	date-modified = {2021-04-24 12:22:18 +0200},
	editor = {Evans, D. A. and Furui, S. and Soul{\'e}-Dupuy, C.},
	publisher = {{Centre De Hautes Etudes Internationales D'Informatique Documentaire (CID), Paris, France}},
	title = {{Proc. 8th International Conference on Computer-Assisted Information Retrieval (RIAO 2007)}},
	year = {2007}}

@proceedings{zz-SAC2003,
	booktitle = {{Proc. 2003 ACM Symposium on Applied Computing (SAC 2003)}},
	editor = {Lamont, G. B. and Haddad, H. and Papadopoulos, G. A. and Panda, B.},
	publisher = {{ACM Press, New York, USA}},
	title = {{Proc. 2003 ACM Symposium on Applied Computing (SAC 2003)}},
	year = {2003}}

@proceedings{zz-SAC2006,
	booktitle = {{Proc. 21st ACM Symposium on Applied Computing (SAC 2006)}},
	editor = {Haddad, H. M. and Liebrock, K. M. and Chbeir, R. and Palakal, M. J. and Ossowski, S. and Yetongnoon, K. and Wainwright, R. L. and Nicolle, C.},
	publisher = {{ACM Press, New York, USA}},
	title = {{Proc. 21st ACM Symposium on Applied Computing (SAC 2006)}},
	year = {2006}}

@proceedings{zz-SAC2007,
	booktitle = {{Proc. 2007 ACM Symposium on Applied Computing (SAC 2007)}},
	editor = {Cho, Y. and Wan Koo, Y. and Wainwright, R. L. and Haddad, H. M. and Shin, S. Y.},
	publisher = {{ACM Press, New York, USA}},
	title = {{Proc. 2007 ACM Symposium on Applied Computing (SAC 2007)}},
	year = {2007}}

@proceedings{zz-SAC2022,
	booktitle = {{Proc. 37th ACM/SIGAPP Symposium On Applied Computing (SAC 2022)}},
	date-modified = {2021-12-21 05:11:31 +0100},
	editor = {Hong, J. and Bures, M. and Park, J. W. and Cerny, T.},
	publisher = {{ACM Press, New York, USA}},
	title = {{Proc. 37th ACM/SIGAPP Symposium On Applied Computing (SAC 2022)}},
	year = {2022}}

@proceedings{zz-Salton1971-editor,
	booktitle = {{The SMART Retrieval System. Experiments in Automatic Document Processing}},
	editor = {Salton, G.},
	publisher = {{Prentice--Hall, Inc., Englewood Cliff, New Jersey, USA}},
	title = {{The SMART Retrieval System. Experiments in Automatic Document Processing}},
	year = {1971}}

@proceedings{zz-SEBD2004,
	booktitle = {{Proc. 12th Italian Symposium on Advanced Database Systems (SEBD 2004)}},
	editor = {Agosti, M. and Dess{\`\i}, N. and Schreiber, F. A.},
	publisher = {{LITHOSgrafiche, Cagliari, Italy}},
	title = {{Proc. 12th Italian Symposium on Advanced Database Systems (SEBD 2004)}},
	year = {2004}}

@proceedings{zz-SEBD2009,
	booktitle = {{Proc. 17th Italian Symposium on Advanced Database Systems (SEBD 2009)}},
	date-modified = {2009-06-22 08:57:16 +0200},
	editor = {De Antonellis, V. and Castano, S. and Catania, B. and Guerrini, G.},
	publisher = {{Seneca Edizioni, Torino, Italia}},
	title = {{Proc. 17th Italian Symposium on Advanced Database Systems (SEBD 2009)}},
	year = {2009}}

@proceedings{zz-SETN2004,
	booktitle = {{Proc. 3rd Helenic Conference on AI -- Methods and Applications of Artificial Intelligence (SETN 2004)}},
	editor = {tVouros, G. A. and Panayiotopoulos, T.},
	publisher = {{Lecture Notes in Computer Science (LNCS) 3025, Springer, Heidelberg, Germany}},
	title = {{Proc. 3rd Helenic Conference on AI -- Methods and Applications of Artificial Intelligence (SETN 2004)}},
	year = {2004}}

@proceedings{zz-SIGIR1985,
	booktitle = {{Proc. 8th Annual International ACM SIGIR Conference on Research and Development in Information Retrieval (SIGIR 1985)}},
	date-modified = {2013-05-13 11:28:54 +0000},
	editor = {Tague, J. M.},
	publisher = {{ACM Press, New York, USA}},
	title = {{Proc. 8th Annual International ACM SIGIR Conference on Research and Development in Information Retrieval (SIGIR 1985)}},
	year = {1985}}

@proceedings{zz-SIGIR1987,
	booktitle = {{Proc. 10th Annual International ACM SIGIR Conference on Research and Development in Information Retrieval (SIGIR 1987)}},
	editor = {Yu, C. T. and van Rijsbergen, C. J.},
	publisher = {{ACM Press, New York, USA}},
	title = {{Proc. 10th Annual International ACM SIGIR Conference on Research and Development in Information Retrieval (SIGIR 1987)}},
	year = {1987}}

@proceedings{zz-SIGIR1988,
	booktitle = {{Proc. 11th Annual International ACM SIGIR Conference on Research and Development in Information Retrieval (SIGIR 1988)}},
	editor = {Chiaramella, Y.},
	publisher = {{ACM Press, New York, USA}},
	title = {{Proc. 11th Annual International ACM SIGIR Conference on Research and Development in Information Retrieval (SIGIR 1988)}},
	year = {1988}}

@proceedings{zz-SIGIR1989,
	booktitle = {{Proc. 12th Annual International ACM SIGIR Conference on Research and Development in Information Retrieval (SIGIR 1989)}},
	editor = {Belkin, N. J. and van Rijsbergen, C. J.},
	publisher = {{ACM Press, New York, USA}},
	title = {{Proc. 12th Annual International ACM SIGIR Conference on Research and Development in Information Retrieval (SIGIR 1989)}},
	year = {1989}}

@proceedings{zz-SIGIR1990,
	booktitle = {{Proc. 13th Annual International ACM SIGIR Conference on Research and Development in Information Retrieval (SIGIR 1990)}},
	editor = {Vidick, J.-L.},
	publisher = {{ACM Press, New York, USA}},
	title = {{Proc. 13th Annual International ACM SIGIR Conference on Research and Development in Information Retrieval (SIGIR 1990)}},
	year = {1990}}

@proceedings{zz-SIGIR1991,
	booktitle = {{Proc. 14th Annual International ACM SIGIR Conference on Research and Development in Information Retrieval (SIGIR 1991)}},
	editor = {Fox, E. A.},
	publisher = {{ACM Press, New York, USA}},
	title = {{Proc. 14th Annual International ACM SIGIR Conference on Research and Development in Information Retrieval (SIGIR 1991)}},
	year = {1991}}

@proceedings{zz-SIGIR1992,
	booktitle = {{Proc. 15th Annual International ACM SIGIR Conference on Research and Development in Information Retrieval (SIGIR 1992)}},
	editor = {Belkin, N. J. and Ingwersen, P. and Mark Pejtersen, A. and Fox, E. A.},
	publisher = {{ACM Press, New York, USA}},
	title = {{Proc. 15th Annual International ACM SIGIR Conference on Research and Development in Information Retrieval (SIGIR 1992)}},
	year = {1992}}

@proceedings{zz-SIGIR1994,
	booktitle = {{Proc. 17th Annual International ACM SIGIR Conference on Research and Development in Information Retrieval (SIGIR 1994)}},
	editor = {Croft, W. B. and van Rijsbergen, C. J.},
	publisher = {{Springer-Verlag, New York, USA}},
	title = {{Proc. 17th Annual International ACM SIGIR Conference on Research and Development in Information Retrieval (SIGIR 1994)}},
	year = {1994}}

@proceedings{zz-SIGIR1995,
	booktitle = {{Proc. 18th Annual International ACM SIGIR Conference on Research and Development in Information Retrieval (SIGIR 1995)}},
	editor = {Fox, E. A. and Ingwersen, P. and Fidel, R.},
	publisher = {{ACM Press, New York, USA}},
	title = {{Proc. 18th Annual International ACM SIGIR Conference on Research and Development in Information Retrieval (SIGIR 1995)}},
	year = {1995}}

@proceedings{zz-SIGIR1996,
	booktitle = {{Proc. 19th Annual International ACM SIGIR Conference on Research and Development in Information Retrieval (SIGIR 1996)}},
	editor = {Frei, H. P. and Harman, D. and Scha{\"u}bie, P. and Wilkinson, R.},
	publisher = {{ACM Press, New York, USA}},
	title = {{Proc. 19th Annual International ACM SIGIR Conference on Research and Development in Information Retrieval (SIGIR 1996)}},
	year = {1996}}

@proceedings{zz-SIGIR1997,
	booktitle = {{Proc. 20th Annual International ACM SIGIR Conference on Research and Development in Information Retrieval (SIGIR 1997)}},
	date-modified = {2016-08-16 18:10:20 +0000},
	editor = {Belkin, N. J. and Narasimhalu, A. D. and Willett, P. and Hersh, W. and Can, F. and Voorhees, E. M.},
	publisher = {{ACM Press, New York, USA}},
	title = {{Proc. 20th Annual International ACM SIGIR Conference on Research and Development in Information Retrieval (SIGIR 1997)}},
	year = {1997}}

@proceedings{zz-SIGIR1998,
	booktitle = {{Proc. 21st Annual International ACM SIGIR Conference on Research and Development in Information Retrieval (SIGIR 1998)}},
	editor = {Croft, W. B. and Moffat, A. and van Rijsbergen, C. J. and Wilkinson, R. and Zobel, J.},
	publisher = {{ACM Press, New York, USA}},
	title = {{Proc. 21st Annual International ACM SIGIR Conference on Research and Development in Information Retrieval (SIGIR 1998)}},
	year = {1998}}

@proceedings{zz-SIGIR1999,
	booktitle = {{Proc. 22nd Annual International ACM SIGIR Conference on Research and Development in Information Retrieval (SIGIR 1999)}},
	editor = {Gey, F. and Hearst, M. and Tong, R.},
	publisher = {{ACM Press, New York, USA}},
	title = {{Proc. 22nd Annual International ACM SIGIR Conference on Research and Development in Information Retrieval (SIGIR 1999)}},
	year = {1999}}

@proceedings{zz-SIGIR2000,
	booktitle = {{Proc. 23rd Annual International ACM SIGIR Conference on Research and Development in Information Retrieval (SIGIR 2000)}},
	editor = {Yannakoudakis, E. and Belkin, N. J. and Leong, M.-K. and Ingwersen, P.},
	publisher = {{ACM Press, New York, USA}},
	title = {{Proc. 23rd Annual International ACM SIGIR Conference on Research and Development in Information Retrieval (SIGIR 2000)}},
	year = {2000}}

@proceedings{zz-SIGIR2001,
	booktitle = {{Proc. 24th Annual International ACM SIGIR Conference on Research and Development in Information Retrieval (SIGIR 2001)}},
	editor = {Kraft, D. H. and Croft, W. B. and Harper, D. J. and Zobel, J.},
	publisher = {{ACM Press, New York, USA}},
	title = {{Proc. 24th Annual International ACM SIGIR Conference on Research and Development in Information Retrieval (SIGIR 2001)}},
	year = {2001}}

@proceedings{zz-SIGIR2002,
	booktitle = {{Proc. 25th Annual International ACM SIGIR Conference on Research and Development in Information Retrieval (SIGIR 2002)}},
	editor = {J{\"a}rvelin, K. and Beaulieu, M. and Baeza-Yates, R. and Hyon Myaeng, S.},
	publisher = {{ACM Press, New York, USA}},
	title = {{Proc. 25th Annual International ACM SIGIR Conference on Research and Development in Information Retrieval (SIGIR 2002)}},
	year = {2002}}

@proceedings{zz-SIGIR2003,
	booktitle = {{Proc. 26th Annual International ACM SIGIR Conference on Research and Development in Information Retrieval (SIGIR 2003)}},
	editor = {Clarke, C. and Cormack, G. and Callan, J. and Hawking, D. and Smeaton, A.},
	publisher = {{ACM Press, New York, USA}},
	title = {{Proc. 26th Annual International ACM SIGIR Conference on Research and Development in Information Retrieval (SIGIR 2003)}},
	year = {2003}}

@proceedings{zz-SIGIR2004,
	booktitle = {{Proc. 27th Annual International ACM SIGIR Conference on Research and Development in Information Retrieval (SIGIR 2004)}},
	editor = {Sanderson, M. and J{\"a}rvelin, K. and Allan, J. and Bruza, P.},
	publisher = {{ACM Press, New York, USA}},
	title = {{Proc. 27th Annual International ACM SIGIR Conference on Research and Development in Information Retrieval (SIGIR 2004)}},
	year = {2004}}

@proceedings{zz-SIGIR2005,
	booktitle = {{Proc. 28th Annual International ACM SIGIR Conference on Research and Development in Information Retrieval (SIGIR 2005)}},
	editor = {Baeza-Yates, R. and Ziviani, N. and Marchionini, G. and Moffat, A. and Tait, J.},
	publisher = {{ACM Press, New York, USA}},
	title = {{Proc. 28th Annual International ACM SIGIR Conference on Research and Development in Information Retrieval (SIGIR 2005)}},
	year = {2005}}

@proceedings{zz-SIGIR2006,
	booktitle = {{Proc. 29th Annual International ACM SIGIR Conference on Research and Development in Information Retrieval (SIGIR 2006)}},
	editor = {Efthimiadis, E. N. and Dumais, S. and Hawking, D. and J{\"a}rvelin, K.},
	publisher = {{ACM Press, New York, USA}},
	title = {{Proc. 29th Annual International ACM SIGIR Conference on Research and Development in Information Retrieval (SIGIR 2006)}},
	year = {2006}}

@proceedings{zz-SIGIR2008,
	booktitle = {{Proc. 31st Annual International ACM SIGIR Conference on Research and Development in Information Retrieval (SIGIR 2008)}},
	date-modified = {2008-09-01 05:32:49 +0200},
	editor = {Chua, T.-S. and Leong, M.-K. and Oard, D. W. and Sebastiani, F.},
	publisher = {{ACM Press, New York, USA}},
	title = {{Proc. 31st Annual International ACM SIGIR Conference on Research and Development in Information Retrieval (SIGIR 2008)}},
	year = {2008}}

@proceedings{zz-SODA1997,
	booktitle = {{Proc. 8th Annual ACM-SIAM Symposium on Discrete Algorithms (SODA 1997)}},
	editor = {Saks, M.},
	publisher = {{Society for Industrial and Applied Mathematics}},
	title = {{Proc. 8th Annual ACM-SIAM Symposium on Discrete Algorithms (SODA 1997)}},
	year = {1997}}

@proceedings{zz-SparckJones1981-Editor,
	annote = {LabBD},
	booktitle = {{Information Retrieval Experiment}},
	editor = {Sp{\"a}rck Jones, K.},
	publisher = {{Butterworths, London, United Kingdom}},
	title = {{Information Retrieval Experiment}},
	year = {1981}}

@proceedings{zz-SparckJonesWillet1997-Editor,
	booktitle = {{Readings in Information Retrieval}},
	editor = {Sp{\"a}rck Jones, K. and Willett, P.},
	publisher = {{Morgan Kaufmann Publisher, Inc., San Francisco, CA, USA}},
	title = {{Readings in Information Retrieval}},
	year = {1997}}

@proceedings{zz-TREC1992,
	booktitle = {{The First Text REtrieval Conference (TREC-1)}},
	date-modified = {2014-01-26 05:26:07 +0000},
	editor = {Harman, D. K.},
	publisher = {{National Institute of Standards and Technology (NIST), Special Publication 500-207, Washington, USA}},
	title = {{The First Text REtrieval Conference (TREC-1)}},
	year = {1992}}

@proceedings{zz-TREC1993,
	booktitle = {{The Second Text REtrieval Conference (TREC-2)}},
	date-modified = {2016-06-29 14:06:00 +0000},
	editor = {Harman, D. K.},
	publisher = {{National Institute of Standards and Technology (NIST), Special Publication 500-215, Washington, USA}},
	title = {{The Second Text REtrieval Conference (TREC-2)}},
	year = {1993}}

@proceedings{zz-TREC1994,
	booktitle = {{The Third Text REtrieval Conference (TREC-3)}},
	date-modified = {2021-04-13 17:15:21 +0200},
	editor = {Harman, D. K.},
	publisher = {{National Institute of Standards and Technology (NIST), Special Publication 500-225, Washington, USA}},
	title = {{The Third Text REtrieval Conference (TREC-3)}},
	year = {1995}}

@proceedings{zz-TREC1995,
	booktitle = {{The Fourth Text REtrieval Conference (TREC-4)}},
	date-modified = {2016-06-29 14:06:09 +0000},
	editor = {Harman, D. K.},
	publisher = {{National Institute of Standards and Technology (NIST), Special Publication 500-236, Washington, USA}},
	title = {{The Fourth Text REtrieval Conference (TREC-4)}},
	year = {1995}}

@proceedings{zz-TREC1996,
	booktitle = {{The Fifth Text REtrieval Conference (TREC-5) }},
	date-modified = {2016-06-29 14:06:13 +0000},
	editor = {Voorhees, E. M. and Harman, D. K.},
	publisher = {{National Institute of Standards and Technology (NIST), Special Publication 500-238, Washington, USA}},
	title = {{The Fifth Text REtrieval Conference (TREC-5) }},
	year = {1996}}

@proceedings{zz-TREC1997,
	booktitle = {{The Sixth Text REtrieval Conference (TREC-6)}},
	date-modified = {2016-06-29 14:06:18 +0000},
	editor = {Voorhees, E. M. and Harman, D. K.},
	publisher = {{National Institute of Standards and Technology (NIST), Special Publication 500-240, Washington, USA}},
	title = {{The Sixth Text REtrieval Conference (TREC-6)}},
	year = {1997}}

@proceedings{zz-TREC1998,
	booktitle = {{The Seventh Text REtrieval Conference (TREC-7)}},
	date-modified = {2016-06-29 14:06:22 +0000},
	editor = {Voorhees, E. M. and Harman, D. K.},
	publisher = {{National Institute of Standards and Technology (NIST), Special Publication 500-242, Washington, USA}},
	title = {{The Seventh Text REtrieval Conference (TREC-7)}},
	year = {1998}}

@proceedings{zz-TREC1999,
	booktitle = {{The Eighth Text REtrieval Conference (TREC-8)}},
	date-modified = {2016-06-29 14:06:25 +0000},
	editor = {Voorhees, E. M. and Harman, D. K.},
	publisher = {{National Institute of Standards and Technology (NIST), Special Publication 500-246, Washington, USA}},
	title = {{The Eighth Text REtrieval Conference (TREC-8)}},
	year = {1999}}

@proceedings{zz-TREC2000,
	booktitle = {{The Ninth Text REtrieval Conference (TREC-9)}},
	date-modified = {2021-04-13 17:15:04 +0200},
	editor = {Voorhees, E. M. and Harman, D. K.},
	publisher = {{National Institute of Standards and Technology (NIST), Special Publication 500-249, Washington, USA}},
	title = {{The Ninth Text REtrieval Conference (TREC-9)}},
	year = {2001}}

@proceedings{zz-TREC2001,
	booktitle = {{The Tenth Text REtrieval Conference (TREC 2001) }},
	date-modified = {2021-04-13 17:14:59 +0200},
	editor = {Voorhees, E. M. and Harman, D. K.},
	publisher = {{National Institute of Standards and Technology (NIST), Special Publication 500-250, Washington, USA}},
	title = {{The Tenth Text REtrieval Conference (TREC 2001) }},
	year = {2002}}

@proceedings{zz-TREC2002,
	booktitle = {{The Eleventh Text REtrieval Conference (TREC 2002) }},
	date-modified = {2021-04-13 17:14:55 +0200},
	editor = {Voorhees, E. M. and Buckland, L. P.},
	publisher = {{National Institute of Standards and Technology (NIST), Special Publication 500-251, Washington, USA}},
	title = {{The Eleventh Text REtrieval Conference (TREC 2002) }},
	year = {2003}}

@proceedings{zz-TREC2003,
	booktitle = {{The Twelfth Text REtrieval Conference (TREC 2003)}},
	date-modified = {2021-04-13 17:14:50 +0200},
	editor = {Voorhees, E. M. and Buckland, L. P.},
	publisher = {{National Institute of Standards and Technology (NIST), Special Publication 500-255, Washington, USA}},
	title = {{The Twelfth Text REtrieval Conference (TREC 2003)}},
	year = {2004}}

@proceedings{zz-TREC2004,
	booktitle = {{The Thirteenth Text REtrieval Conference Proceedings (TREC 2004)}},
	date-modified = {2021-04-13 17:14:45 +0200},
	editor = {Voorhees, E. M. and Buckland, L. P.},
	publisher = {{National Institute of Standards and Technology (NIST), Special Publication 500-261, Washington, USA}},
	title = {{The Thirteenth Text REtrieval Conference Proceedings (TREC 2004)}},
	year = {2005}}

@proceedings{zz-TREC2005,
	booktitle = {{The Fourteenth Text REtrieval Conference Proceedings (TREC 2005)}},
	date-modified = {2021-04-13 17:14:39 +0200},
	editor = {Voorhees, E. M. and Buckland, L. P.},
	publisher = {{National Institute of Standards and Technology (NIST), Special Publication 500-266, Washington, USA}},
	title = {{The Fourteenth Text REtrieval Conference Proceedings (TREC 2005)}},
	year = {2006}}

@proceedings{zz-TREC2006,
	booktitle = {{The Fifteenth Text REtrieval Conference Proceedings (TREC 2006)}},
	date-modified = {2016-06-29 14:06:49 +0000},
	editor = {Voorhees, E. M. and Buckland, L. P.},
	month = {October},
	publisher = {{National Institute of Standards and Technology (NIST), Special Publication 500-272, Washington, USA}},
	title = {{The Fifteenth Text REtrieval Conference Proceedings (TREC 2006)}},
	year = {2007}}

@proceedings{zz-TREC2007,
	booktitle = {{The Sixteenth Text REtrieval Conference Proceedings (TREC 2007)}},
	date-modified = {2016-06-29 14:06:53 +0000},
	editor = {Voorhees, E. M. and Buckland, L. P.},
	month = {February},
	publisher = {{National Institute of Standards and Technology (NIST), Special Publication 500-274, Washington, USA}},
	title = {{The Sixteenth Text REtrieval Conference Proceedings (TREC 2007)}},
	year = {2008}}

@proceedings{zz-VLDB2004,
	booktitle = {{Proc. 30th International Conference on Very Large Data Bases (VLDB 2004)}},
	date-modified = {2016-10-20 14:29:24 +0000},
	editor = {Nascimento, M. A. and {\"O}zsu, M. T. and Kossmann, D. and Miller, R. J. and Blakeley, J. A. and Schiefer, K. B.},
	publisher = {{Morgan Kaufmann Publisher, Inc., San Francisco, CA, USA}},
	title = {{Proc. 30th International Conference on Very Large Data Bases (VLDB 2004)}},
	year = {2004}}

@proceedings{zz-VMDL2007,
	booktitle = {{Proc. International Workshop on Visual and Multimedia Digital Libraries (WMDL 2007)}},
	editor = {del Bimbo, A. and Cucchiara, R. and Boujemaa, N.},
	publisher = {{IEEE Computer Society, Los Alamitos, CA, USA}},
	title = {{Proc. International Workshop on Visual and Multimedia Digital Libraries (WMDL 2007)}},
	year = {2007}}

@proceedings{zz-WIRD2004,
	booktitle = {{Proc. 3rd XML and Information Retrieval Workshop and the 1st Workshop on the Integration of Information Retrieval and Databases (WIRD2004)}},
	editor = {Baeza-Yates, R. and Maarek, Y. and Roelleke, T. and de Vries, A. P.},
	publisher = {{\url{http://homepages.cwi.nl/~arjen/wird04/wird04-proceedings.pdf} [last visited 2007, March 23]}},
	title = {{Proc. 3rd XML and Information Retrieval Workshop and the 1st Workshop on the Integration of Information Retrieval and Databases (WIRD 2004)}},
	year = {2004}}

@proceedings{zz-WWW2001,
	booktitle = {{Proc. 10th International Conference on World Wide Web (WWW 2001)}},
	editor = {Shen, V. Y. and Saito, N. and Lyu, M. R. and Zurko, M. E.},
	publisher = {{ACM Press, New York, USA}},
	title = {{Proc. 10th International Conference on World Wide Web (WWW 2001)}},
	year = {2001}}

@proceedings{zz-WWW2002,
	booktitle = {{Proc. 11th International Conference on World Wide Web (WWW 2002)}},
	editor = {Lassner, D. and De Roure, D. and Iyengar, A.},
	publisher = {{ACM Press, New York, USA}},
	title = {{Proc. 11th International Conference on World Wide Web (WWW 2002)}},
	year = {2002}}

@proceedings{zz-IIiX2014,
	booktitle = {{Proc. 5th Symposium on Information Interaction in Context (IIiX 2014)}},
	date-modified = {2019-05-12 11:48:11 +0200},
	editor = {Elsweiler, D. and Ludwig, B. and Azzopardi, L. and Wilson, M.},
	publisher = {{ACM Press, New York, USA}},
	title = {{Proc. 5th Symposium on Information Interaction in Context (IIiX 2014)}},
	year = {2014}}

@proceedings{zz-WWW2004,
	booktitle = {{Proc. 13th International Conference on World Wide Web (WWW 2004)}},
	editor = {Feldman, S. and Uretsky, M. and Najork, M. and Wills, C.},
	publisher = {{ACM Press, New York, USA}},
	title = {{Proc. 13th International Conference on World Wide Web (WWW 2004)}},
	year = {2004}}
